1885 3284
218 282 360 313 SERMO
382 283 533 322 Lxxix‚
563 283 608 312 nx*
634 283 968 315 DECOLLATIORE
994 285 1028 313 s.
1060 284 1251 313 JOANNJS
1281 283 1402 315 ΒΑΗ.
1437 287 1465 315 1.
1530 274 1589 318 63

215 359 300 404 est,
327 365 416 394 non
437 348 523 411 ipsi
540 348 865 396 sceleratissimo
893 359 1061 394 tantum
1101 359 1221 407 grata
1258 348 1340 393 fuit
1374 362 1586 413 quantum

214 418 373 463 Joanni
396 419 608 481 Baptistae
626 455 635 472 ‚
661 420 737 481 qui
767 431 856 465 tum
881 435 1030 482 passus
1049 428 1125 463 est.
1160 417 1264 462 Plus
1282 429 1343 463 est
1363 421 1477 465 enim
1502 422 1589 468 Deo

214 488 407 543 renasci,
445 505 580 551 quam
604 488 781 535 diabolo
814 489 1023 550 generari.
1066 490 1162 533 Non
1193 506 1294 548 ergo
1326 488 1410 534 fuit
1433 492 1587 537 natalis

216 559 322 618 regis
352 559 477 621 impii
504 595 515 615 ‚
547 562 619 604 sed
656 561 894 623 Prophetae
915 597 924 615 ‚
961 560 1062 622 quia
1093 558 1168 603 illo
1206 559 1275 604 die
1308 560 1583 607 manifestum

212 639 272 674 est
291 629 531 691 Baptistam
552 630 838 676 aeternitatem
860 640 1145 677 consecutum
1165 629 1312 684 fuisse,
1326 647 1414 693 quo
1435 649 1585 693 passus

211 710 298 754 est,
329 710 369 745 et
391 700 611 745 Herodem
638 712 819 747 mortem
843 701 1046 747 incidisse
1069 737 1079 756 ,
1107 716 1197 763 quo
1231 711 1357 746 natus
1380 713 1455 747 est.
1492 704 1583 748 Lu-

210 769 360 830 gubris
379 770 549 816 homini
569 782 610 816 et
634 773 787 818 acerba
812 772 1052 836 plurimum
1065 770 1173 826 dies,
1197 787 1297 833 quae
1314 771 1436 817 illum
1469 784 1511 818 et
1536 774 1582 819 in

208 840 351 886 lucem
371 842 574 903 primitus
594 843 833 905 produxit,
857 853 899 888 et
923 859 1060 906 usque
1081 841 1136 887 ad
1161 841 1207 886 id
1223 843 1430 904 temporis
1454 860 1586 889 reser-

208 910 350 966 vavit,
373 910 418 955 in
441 928 530 975 quo
549 929 638 957 non
662 912 973 959 misericordiae
1008 923 1083 957 aut
1119 912 1462 958 mansuetudinis
1495 914 1583 959 ho-

207 991 448 1026 nestaretur
471 983 741 1039 testimonio,
770 983 843 1029 sed
876 982 1110 1029 horrendae
1137 982 1410 1028 crudelitatis
1438 984 1581 1029 defor-

207 1062 398 1097 maretur
421 1052 632 1115 exemplo.
666 1053 840 1098 lncluso
861 1054 1030 1098 Joanne
1064 1053 1109 1098 in
1140 1069 1310 1098 carcere
1331 1090 1341 1109 ,
1375 1064 1581 1117 tanquam

205 1122 380 1181 injustae
397 1122 708 1185 increpationis
734 1141 916 1186 persona
941 1124 1116 1183 religata
1133 1159 1142 1175 ‚
1171 1123 1272 1185 quia
1311 1141 1456 1170 amara
1485 1137 1586 1171 sunt

208 1192 318 1237 male
339 1192 585 1238 viventibus
622 1205 842 1257 praecepta
876 1194 1060 1252 justitiae
1079 1229 1088 1243 ,
1117 1192 1308 1237 Herodes
1334 1194 1438 1256 quia
1463 1196 1582 1241 vetiti

207 1262 381 1308 admissi
398 1281 524 1308 nemo
542 1281 640 1309 eum
662 1263 1291 1326 redargueret<1),laetabatur.
1308 1264 1419 1320 Quis
1438 1277 1583 1311 autem

207 1333 433 1396 Propheta
459 1334 666 1380 damnato
686 1372 696 1390 ‚
729 1336 802 1398 qui
828 1336 994 1381 factum
1021 1334 1206 1379 notabat
1238 1334 1441 1380 illicitum
1464 1373 1474 1391 ‚
1499 1338 1582 1382 Te-

208 1403 430 1449 trarcham
455 1405 695 1467 superbum
720 1406 854 1451 libere
881 1416 956 1450 aut
980 1404 1320 1467 reprehenderet
1341 1442 1352 1460 ‚
1386 1417 1461 1451 aut
1501 1407 1582 1452 ad-

206 1485 425 1530 moneret,
451 1491 551 1520 cum
573 1485 614 1520 et
632 1492 766 1538 poena
779 1486 885 1520 esset
900 1474 1126 1538 proposita
1151 1473 1364 1530 libertati,
1391 1486 1433 1520 et
1450 1477 1583 1523 moris

205 1545 260 1589 sit
284 1555 436 1590 contra
459 1544 521 1590 fas
544 1555 586 1590 et
609 1544 740 1591 decus
760 1546 890 1590 etiarn
918 1545 1081 1608 iniquis
1107 1543 1283 1603 regibus
1308 1544 1498 1591 adulari?

270 1615 329 1660 ll.
373 1616 462 1660 Nee
479 1615 657 1676 longum
679 1626 849 1679 tempus
870 1636 881 1669 ;
905 1632 1004 1660 eece
1019 1614 1109 1660 dies
1125 1615 1232 1674 regii
1252 1615 1407 1661 natalis
1426 1616 1582 1664 adven-

207 1696 294 1738 tat3
321 1685 508 1745 gaudere
523 1686 736 1742 Herodes,
758 1686 946 1731 libenter
961 1685 1159 1748 accipere
1174 1685 1276 1732 vitae
1289 1703 1383 1731 suae
1402 1703 1579 1734 cursum

207 1755 342 1812 tendi,
365 1773 578 1802 annorum
593 1757 733 1820 spatia
747 1756 995 1819 propagari.
1016 1754 1169 1800 Nescia
1188 1754 1419 1801 hominum
1439 1775 1576 1815 mens,

203 1843 304 1890 quae
339 1825 445 1872 dum
477 1837 552 1872 aut
586 1827 879 1891 praesentibus
916 1825 1180 1881 oblectatur,
1221 1837 1295 1871 aut
1318 1829 1540 1891 prosperis
1560 1866 1573 1884 ,

203 1916 284 1945 nec
308 1899 456 1945 futura
477 1899 692 1963 praevidet
715 1937 726 1956 ‚
750 1917 830 1945 nee
856 1899 1049 1946 adversa.
1083 1898 1306 1945 Continuo
1325 1900 1457 1959 regali
1476 1901 1579 1948 luxu

204 1969 433 2033 splendida
470 1970 629 2017 domus
665 1980 899 2016 exornatur
930 1969 1141 2026 interim,
1185 1986 1235 2015 ac
1272 1970 1423 2017 mediis
1458 1974 1580 2019 tectis

203 2052 384 2087 cruenta
426 2042 628 2089 convivia
666 2051 1014 2105 praeparantur;
1051 2040 1251 2086 velantur
1286 2051 1429 2104 postes
1465 2042 1581 2089 festis

201 2112 452 2168 frondibus,
474 2113 720 2176 pinguntur
732 2113 917 2177 parietes
940 2111 1144 2167 floribuS‚
1165 2122 1208 2157 et
1221 2112 1392 2158 coronis
1404 2114 1578 2160 renide-

204 2185 313 2231 bant
337 2185 445 2231 atria
470 2184 638 2231 funesta
658 2195 701 2230 et
732 2183 914 2230 horrida
945 2185 1029 2246 (2),
1056 2182 1258 2229 virebant
1285 2193 1398 2229 tecta
1422 2201 1576 2231 nemo-

203 2272 312 2303 rosa.
347 2255 420 2301 Sic
441 2255 588 2301 omnia
611 2255 855 2302 vernabant
880 2254 1121 2317 composita
1142 2270 1221 2316 per
1238 2264 1374 2299 artem
1396 2291 1407 2310 ‚
1431 2266 1478 2301 ut
1494 2273 1577 2301 na—

205 2326 388 2372 turalem
408 2326 588 2386 gratiam
613 2327 914 2372 mentirentur.
960 2326 1059 2371 Non
1080 2324 1257 2370 fuerunt
1282 2325 1382 2371 haec
1407 2326 1576 2373 deliciae

205 2397 407 2455 Herodis,
426 2397 499 2444 sed
512 2398 535 2443 J
542 2398 706 2446 oannis.
726 2399 834 2444 Haec
854 2398 962 2443 bene
980 2396 1190 2443 olentium
1210 2396 1373 2442 florum
1396 2399 1575 2445 amoeni-

250 2517 298 2560 (1)
323 2516 404 2550 Cod.
425 2517 506 2548 male
531 2517 745 2559 redarguere3
769 2516 935 2557 legendnm
963 2514 1128 2546 manifeste
1149 2516 1360 2555 redargueret
1377 2538 1384 2549 ,
1415 2517 1473 2547 nisx
1500 2518 1578 2549 [orte

205 2572 284 2604 desit
299 2572 428 2615 aliquod
448 2573 591 2612 verbum,
609 2584 640 2606 v.
658 2584 690 2615 g.
710 2574 910 2615 redarguere
928 2569 1142 2602 a1‹debac.-
1155 2569 1203 2614 (2)
1221 2569 1302 2603 Cod.
1323 2571 1473 2610 lzorbidffi
1492 2574 1573 2606 forte

205 2629 346 2662 herbida.
