1885 3284
339 253 400 298 86
748 269 783 299 5.
827 267 1071 307 mensum
1108 267 1313 299 Emscom

339 335 477 396 figura
498 372 510 391 ,
539 334 615 398 qui
641 333 872 380 sublimem
897 334 999 380 coeli
1018 334 1173 381 incolit
1198 351 1429 382 cameram.
1460 335 1560 382 Non
1594 335 1710 381 enim

338 416 669 466 coangustatum
688 416 750 451 est
766 405 879 451 intra
893 405 1319 466 angustumVirginis
1337 405 1594 452 cubiculum
1606 405 1717 470 Opi-

335 476 402 523 fex
422 475 701 537 Angelorum.
750 477 807 522 Ut
838 494 858 522 a
897 493 1005 522 nexu
1047 477 1256 540 serpentis
1295 477 1507 524 exolveret
1540 493 1718 522 omnem

337 546 554 594 mundum
593 547 637 592 in
682 546 892 593 retiaculo
925 547 1093 592 inimici
1125 547 1350 593 detentum
1371 584 1382 603 ‚
1419 559 1549 598 natus
1580 558 1640 593 est
1672 548 1718 593 in

335 618 505 675 mundo
523 616 684 678 figulus
707 618 863 664 mundi
883 618 1096 664 mundum
1115 636 1226 682 pene
1247 618 1462 664 deflexum
1486 635 1635 664 eruere
1660 618 1714 665 de

338 690 510 754 peccati
533 689 660 736 ruina
680 727 689 745 ‚
717 701 759 736 et
785 701 1052 736 restaurator
1069 689 1209 736 factus
1223 701 1285 736 est
1309 690 1444 736 totius
1467 689 1622 735 mundi
1648 690 1716 736 Fi-

335 762 420 808 lius
444 760 523 806 Dei
543 799 554 814 ,
573 760 647 806 cui
668 771 771 806 aetas
798 772 942 807 tenera
959 762 1030 823 (ι)
1053 760 1290 807 infantium
1313 778 1468 808 vocem
1491 760 1632 806 laudis
1654 761 1719 807 in-

339 832 493 881 tonuit.
521 831 585 886 De
599 831 999 896 quibusl'ropheta
1022 831 1163 877 David
1184 832 1313 877 nobis
1332 831 1466 877 hodie
1486 831 1531 877 in
1544 830 1720 877 Psalmo

340 902 597 956 decantavit
633 902 781 948 dicens
810 920 821 949 z
856 924 876 944 «
912 904 973 948 Ex
1006 920 1078 948 ore
1120 903 1354 948 infantium
1386 913 1428 948 et
1461 902 1718 948 lactentium

338 973 593 1039 »perfecisti
613 973 825 1021 laudem1.
841 996 860 1016 ³>
881 974 919 1019 O
938 975 1163 1037 Propheta
1178 973 1433 1030 laudabilis
1449 972 1719 1037 quilaudem

339 1045 437 1100 Dei,
462 1043 943 1105 du111111note001t(sic
979 1044 1165 1100 saeculis,
1190 1044 1390 1090 futurum
1410 1043 1587 1089 exitium
1613 1061 1721 1107 Ρη·-

337 1115 450 1162 vulis
469 1114 785 1160 demonstravit
818 1116 910 1160 fieri
931 1132 1013 1178 pro
1039 1115 1219 1160 Christo
1254 1115 1301 1160 in
1335 1114 1595 1161 novissimis.
1647 1113 1721 1159 Sic

336 1187 451 1233 enim
477 1197 734 1249 prosecutus
753 1198 814 1232 est
838 1186 1010 1232 laudem
1030 1185 1339 1249 parvulorum,
1362 1185 1469 1230 dum
1490 1196 1715 1230 cantaret:

337 1280 355 1298 f<
375 1259 437 1303 Ex
462 1274 535 1302 ore
552 1256 787 1303 infantium
815 1268 857 1302 et
879 1257 1136 1303 lactentium
1153 1256 1372 1321 perfecisti
1392 1256 1614 1301 laudem.»
1635 1256 1720 1302 Hic

337 1328 445 1374 dicit
473 1328 518 1372 in
557 1327 766 1383 Christo,
806 1339 847 1373 et
871 1328 946 1374 hie
968 1327 1122 1382 laudat
1145 1327 1351 1391 parvulos
1381 1344 1483 1373 cum
1517 1326 1713 1373 Christo.

337 1398 531 1445 Laudem
560 1398 754 1461 ipsorum
783 1398 1029 1462 proclamat
1052 1436 1061 1453 ‚
1092 1409 1133 1443 et
1157 1398 1351 1444 futuram
1377 1414 1525 1443 eorum
1550 1397 1720 1459 passio-

335 1488 432 1516 nem
461 1469 708 1516 annuntiat.
735 1470 808 1516 Sic
832 1472 947 1515 enim
975 1481 1120 1515 actum
1149 1481 1212 1514 est
1235 1469 1485 1532 martyriale
1505 1467 1681 1513 exitium
1704 1504 1715 1523 ‚

338 1552 387 1587 ut
416 1541 442 1586 ii
462 1541 537 1603 qui
562 1539 733 1585 nullum
757 1552 983 1586 senserunt
1005 1558 1239 1604 poenarum
1275 1540 1480 1585 afflictum
1503 1575 1514 1592 ‚
1549 1537 1720 1597 Angelis

342 1614 384 1658 in
410 1611 525 1657 coelo
563 1612 827 1656 contulerint
853 1611 1061 1671 gaudium
1085 1649 1095 1666 ,
1131 1623 1173 1657 et
1202 1612 1430 1657 victoriam
1467 1610 1519 1655 de
1552 1609 1719 1656 mundo

338 1683 449 1741 Regi
484 1683 679 1726 omnium
709 1681 985 1729 saeculorum.
1022 1682 1233 1745 Supernae
1251 1681 1486 1726 Jerusalem
1512 1691 1655 1725 rector
1678 1691 1719 1726 et

337 1754 496 1807 faetor,
531 1765 577 1797 ut
600 1764 874 1810 nasceretur,
913 1756 1128 1799 intactum
1165 1765 1206 1798 et
1240 1752 1623 1816 incoinquinatum
1650 1752 1718 1814 (2)

340 1837 516 1890 partum
529 1824 718 1884 Virginis
737 1825 1050 1871 demonstravit
1072 1847 1083 1880 ;
1110 1837 1149 1870 et
1172 1825 1429 1889 perturbata
1447 1822 1719 1885 ‹lerosolyma

339 1913 439 1941 cum
462 1894 637 1940 Herode
655 1895 901 1941 inauditum
931 1896 1093 1941 bellum
1120 1897 1162 1941 in
1184 1896 1380 1959 parvulis
1403 1896 1488 1940 visa
1517 1905 1578 1938 est
1616 1911 1719 1957 per-

335 1968 466 2027 egisse
488 2004 498 2017 ,
528 1966 665 2025 Magis
689 1967 976 2013 adorantibus
999 1979 1150 2013 natum
1176 1967 1295 2013 omni
1326 1965 1492 2011 mundo
1512 1965 1718 2010 Salvato-

337 2055 442 2083 rem.
479 2036 669 2082 Multum
690 2055 869 2102 quoque
888 2049 930 2084 et
950 2038 1152 2084 eximium
1175 2037 1382 2098 gaudium
1404 2035 1591 2091 mundo,
1608 2035 1718 2082 dum

334 2108 529 2154 ululatus
555 2118 774 2154 maternus
795 2108 1062 2155 transcendit
1085 2109 1130 2154 in
1150 2108 1310 2154 coelum
1333 2145 1342 2162 ,
1375 2119 1417 2153 et
1445 2108 1493 2153 fit
1522 2107 1590 2170 (3)
1619 2124 1720 2170 par-

333 2178 536 2224 vulorum
557 2179 698 2242 passio
722 2179 870 2240 gloriae
886 2179 1017 2225 decus
1039 2180 1158 2225 omni
1185 2179 1364 2239 lugenti.
1403 2179 1501 2224 Jam
1527 2177 1718 2224 mundus

340 2249 610 2313 compatitur
644 2251 872 2312 parvulis,
907 2261 948 2296 et
973 2251 1178 2296 laetantur
1210 2249 1499 2309 Archangeli3
1535 2264 1717 2311 poenam

337 2321 520 2366 inermes
540 2339 559 2364 a
585 2322 784 2384 patribus
809 2323 1055 2386 suscipiunt
1080 2322 1182 2375 filii.,
1229 2333 1269 2367 et
1296 2322 1385 2366 sine
1419 2331 1517 2365 actu
1548 2319 1712 2365 doloris

336 2393 422 2437 vim
463 2391 580 2436 necis
609 2394 885 2457 suscipiunt,
916 2395 992 2458 qui
1025 2394 1184 2440 coelum
1219 2394 1283 2455 (li)
1324 2391 1530 2452 condigni
1559 2392 1716 2437 merci-

335 2479 482 2508 monio
505 2473 605 2509 vitae
628 2466 720 2527 jam
741 2466 907 2513 inventi
927 2477 1027 2513 sunt
1049 2467 1291 2529 accepturi.

379 2554 389 2575 ¹
414 2554 495 2585 Psal.
514 2564 593 2596 vm,
615 2555 647 2587 3.

371 2620 419 2658 (¹)
438 2618 515 2650 COd·
542 2618 624 2650 male
646 2627 756 2654 tenua.
773 2639 818 2648 —-
841 2620 890 2666 (2)
917 2621 965 2654 Id.
991 2622 1256 2665 coinquinatam.
1272 2639 1315 2647 -
1330 2618 1378 2665 (3)
1396 2619 1448 2653 Id.
1467 2626 1498 2651 et
1513 2617 1644 2662 sinefie.
1665 2634 1709 2642 —-

324 2672 376 2720 (4)
392 2674 443 2709 1d.
466 2673 576 2706 mortis
589 2675 647 2717 qui
662 2676 755 2712 coelo.
