1868 3301
277 276 370 330 420
539 290 573 319 s.
617 288 863 319 Auocsnui
901 288 1103 319 smscori
1140 285 1376 318 Arrflumx.

276 355 512 402 Christum,
549 354 617 395 cui
650 355 851 397 innocens
884 363 984 396 :ctas
1018 353 1211 411 perhibet
1249 353 1536 395 testimonium
1572 354 1645 410 (ι).

275 420 465 478 Intellige
488 420 612 461 laude
647 418 893 468 infantium,
919 434 1045 476 quem
1083 418 1304 476 praeconiis
1333 434 1417 461 non
1450 418 1648 476 intelligis

274 486 593 544 Prophetarum.
621 485 757 528 Crede
779 485 978 544 suffragio
998 486 1293 543 parvuiorum‚
1317 486 1388 543 qui
1413 501 1497 528 non
1519 485 1657 527 credis

276 554 533 594 documento
560 551 778 593 virtutum.
809 552 1094 594 persuadeant
1117 551 1262 592 talium
1291 553 1434 593 laudes
1453 583 1465 601 ‚
1492 551 1560 593 cui
1586 551 1648 607 (2)

271 618 526 675 persuadere
557 632 642 658 non
666 625 898 674 potuerunt
923 616 1095 659 Domini
1119 631 1240 657 voces
1273 617 1349 672 (5).
1387 616 1472 658 Nec
1501 617 1582 658 ulla
1611 624 1653 657 te

275 699 398 726 causa
417 682 500 739 jam
523 684 680 741 poterit
694 697 896 725 excusare
916 714 926 730 ,
953 698 1079 739 quem
1103 682 1273 740 propria
1295 683 1462 724 soboles
1485 697 1569 724 non
1587 696 1660 739 po-

278 750 358 791 tuit
382 750 579 791 edocere.

333 814 383 856 II.
419 814 549 856 Fiunt
571 815 731 855 interea
756 812 879 870 pueri
897 813 987 855 sine
1011 813 1213 870 magistro
1238 812 1383 854 diserti
1407 845 1417 861 ‚
1444 813 1558 855 docti
1573 812 1662 855 sine

277 880 475 929 doctore,
498 879 586 921 sine
614 879 831 921 eruditore
853 878 993 936 periti.
1022 878 1269 935 Agnoscunt
1294 878 1524 927 Christum,
1553 893 1661 936 prae-

279 946 419 987 dicant
455 945 708 996 Dominum,
747 959 830 985 non
862 959 989 1000 quem
1028 944 1242 1000 persuasio
1274 943 1459 986 humana
1500 945 1557 1000 (4)
1593 943 1666 985 do-

278 1020 423 1054 cuerat
437 1045 447 1060 ,
476 1012 545 1053 sed
565 1026 690 1067 quem
706 1010 903 1052 divinitas
922 1010 1472 1066 innocentibusinspirabat.
1490 1012 1665 1051 Cessant

278 1077 388 1120 enim
414 1078 597 1119 humana
615 1111 623 1124 ‚
649 1091 748 1118 Cum
779 1077 918 1118 divina
944 1084 1208 1123 tractantur,
1246 1076 1343 1131 qnia
1367 1074 1550 1116 humana
1575 1075 1664 1131 ipsa

281 1145 481 1196 prodesse
504 1158 586 1184 nou
618 1150 818 1199 poterunt
849 1141 925 1197 (5),
960 1142 1037 1183 nisi
1069 1141 1308 1182 divinorum
1338 1139 1486 1181 solatio
1520 1140 1665 1181 suble-

280 1216 445 1250 ventur.
473 1207 653 1250 Necesse
677 1216 740 1249 est
760 1207 873 1248 enim
893 1215 1060 1248 terrena
1074 1206 1355 1248 succumbere
1371 1236 1382 1253 ,
1402 1219 1498 1246 cum
1513 1206 1663 1246 coeles-

284 1274 338 1316 tia
362 1273 665 1332 praedicantur,
706 1273 910 1314 naturalia
947 1273 1093 1320 silere,
1136 1287 1234 1313 cum
1273 1271 1448 1311 virtutes
1478 1271 1663 1327 loquun-

284 1340 434 1395 turffi).
460 1338 645 1395 Erigitur
671 1338 812 1394 itaque
834 1338 1058 1380 infantium
1088 1346 1185 1378 aetas
1216 1338 1256 1378 in
1284 1337 1473 1385 laudem,
1499 1339 1662 1393 quae(7)

284 1405 536 1447 delictorum
557 1419 641 1445 non
665 1413 837 1446 noverat
860 1404 1021 1445 crimen
1039 1402 1110 1458 (8).
1128 1403 1289 1459 Dignus
1306 1416 1326 1442 a
1348 1402 1667 1459 dignis(9)lau-

287 1473 425 1519 datur,
447 1470 703 1511 etinnocens
724 1470 1017 1512 innocentium
1034 1467 1274 1510 testimonio
1288 1468 1540 1524 praedicatur
1560 1467 1664 1525 (ιο).

287 1536 377 1578 Hoc
401 1537 513 1578 enim
542 1534 710 1577 Christo
741 1536 926 1577 Domino
969 1538 1002 1591 (1
1023 1537 1058 1591 ι)
1088 1535 1339 1583 debebatur,
1365 1542 1410 1574 nt
1434 1549 1517 1575 non
1543 1549 1563 1575 a
1585 1533 1667 1575 reis

289 1602 534 1658 parentibus
551 1634 561 1649 ,
591 1603 663 1642 sed
696 1616 715 1641 a
736 1599 830 1641 filiis
854 1599 1153 1642 innocentibus
1183 1599 1273 1654 (12)
1301 1600 1558 1643 laudaretur.
1584 1598 1668 1642 Ta-

288 1682 385 1710 cere
406 1667 730 1709 eniminnocens
747 1674 845 1707 aetas
863 1666 943 1706 Dei
965 1666 1109 1707 laudes
1128 1666 1216 1720 (15)
1238 1680 1322 1706 non
1342 1675 1523 1722 poterat,
1541 1680 1667 1722 quam

338 1821 387 1869 (ι)
408 1822 458 1853 Sic
476 1820 568 1853 codd.
588 1831 618 1851 lv
634 1825 664 1852 et
682 1831 771 1858 (κείς
789 1821 892 1852 caeteri
906 1832 1001 1862 quem
1017 1820 1172 1850 innocens
1187 1829 1267 1851 oetas
1285 1821 1379 1852 docet
1391 1822 1572 1856 hominibus
1582 1837 1671 1867 [ινσε-

281 1879 470 1922 serendam.
499 1879 539 1907 In
566 1877 726 1918 infinitum
748 1876 897 1906 laudibus
917 1877 1062 1918 intellige
1082 1877 1255 1907 Dominum
1272 1901 1280 1915 ‚
1300 1889 1393 1918 quem
1416 1882 1589 1921 proeconiis
1605 1893 1671 1912 ηοη

294 1935 447 1976 intelligis
465 1933 713 1975 Prophetarum,
734 1951 773 1955 —
791 1931 841 1975 (2)
860 1932 910 1964 Sic
933 1932 1028 1963 iidem
1048 1933 1143 1964 codd.
1164 1933 1269 1964 caeteri
1287 1934 1332 1970 si;
1349 1940 1380 1966 et
1402 1934 1518 1967 deinde
1536 1937 1599 1967 Dei
1614 1948 1672 1980 pro

293 1991 438 2022 Domini.
452 2009 493 2014 -—
510 1991 558 2032 (3)
575 1989 637 2020 Hic
655 1988 808 2019 deficiunt
827 1988 974 2030 pluribus
989 1988 1206 2031 praetermissis
1227 1989 1318 2021 codd.
1339 2002 1347 2021 ι
1366 1997 1396 2022 et
1415 2003 1466 2022 ενι
1480 2005 1489 2031 ;
1503 1992 1597 2026 codd.
1611 2003 1674 2025 au-

295 2054 359 2079 tem
377 2059 408 2079 1v
427 2055 455 2078 et
475 2057 548 2077 cxvl
571 2051 708 2088 pergunt
726 2051 758 2076 ut
782 2045 938 2086 sequitur.
958 2062 1000 2068 —
1024 2044 1068 2087 (4)
1090 2045 1186 2075 Deest
1203 2045 1349 2076 hnmana
1365 2047 1396 2077 in
1411 2047 1505 2081 codd.
1525 2061 1536 2079 1
1556 2055 1587 2080 et
1603 2060 1671 2083 cvr.

293 2122 340 2129 .-
358 2103 407 2149 (5,
433 2104 483 2134 Sic
499 2102 597 2135 codd.
621 2113 628 2132 1
650 2107 679 2132 ct
699 2112 770 2139 cx·1;
792 2101 862 2131 c‘vd.
885 2112 915 2131 iv
933 2102 1013 2131 maie
1023 2109 1212 2141 potuerunt.
1227 2099 1336 2147 —(6)
1352 2104 1427 2134 Haec
1446 2103 1567 2145 phrasis
1585 2104 1672 2136 deest

294 2161 326 2192 in
345 2160 437 2191 codd.
457 2169 464 2189 1
484 2165 513 2190 et
537 2168 601 2188 οτι.
622 2174 667 2180 —-
683 2155 733 2200 (ς’)
752 2157 832 2189 Cod.
855 2168 867 2186 1
893 2157 973 2187 male
990 2168 1102 2198 quein.
1126 2174 1172 2179 —
1196 2157 1245 2197 (8)
1262 2157 1364 2189 (ἴοιὶά.
1387 2170 1398 2188 1
1416 2164 1446 2190 et
1464 2170 1511 2190 cvi
1525 2159 1672 2191 addunt:

298 2217 439 2247 Noverat
450 2223 482 2245 et
496 2213 631 2244 alleluia
649 2222 795 2244 camare.
815 2213 904 2254 Quid
919 2220 965 2243 esc
979 2212 1064 2242 enim
1079 2212 1215 2242 alleluia
1234 2222 1371 2243 cantare
1382 2237 1389 2247 ,
1404 2214 1466 2244 nisi
1479 2217 1581 2246 Deum
1597 2215 1673 2246 lau-

292 2271 371 2304 dare
384 2276 400 2302 :⁷
418 2270 561 2303 Alleluia
580 2270 664 2299 enim
684 2270 836 2300 Hebraens
861 2280 963 2299 sermo
984 2276 1049 2305 est,
1075 2268 1177 2298 latine
1202 2270 1348 2299 laudate
1370 2270 1540 2301 Dominum
1554 2297 1562 2313 ‚
1579 2271 1674 2303 sicuti

296 2329 391 2359 modo
414 2327 445 2357 in
467 2326 622 2367 praesenci
641 2326 776 2356 Psalmo
795 2325 1010 2358 cantavimus,
1027 2326 1106 2365 Qua:
1121 2324 1249 2366 quidem
1270 2325 1350 2356 nihil
1370 2326 1453 2356 aliud
1473 2337 1539 2357 esse
1561 2327 1673 2359 videu-

297 2391 359 2421 tur,
377 2393 471 2424 quam
494 2380 662 2412 scribentis
681 2381 792 2423 gioSsa.
814 2398 859 2404 -—
883 2379 931 2423 (9)
956 2379 1058 2411 codd.
1077 2392 1087 2410 1
1107 2387 1136 2411 et
1155 2391 1204 2410 cvi
1220 2381 1339 2422 dignus
1355 2381 1516 2412 Dominus
1529 2394 1549 2412 a
1564 2383 1673 2425 dignis

295 2439 483 2482 itfimtibus.
499 2453 545 2459 —
562 2435 631 2480 (on
651 2436 730 2468 Codv
750 2447 758 2467 ι
777 2437 1014 2478 comprobatur.
1031 2454 1073 2459 ——
1097 2433 1171 2481 (11)
1189 2438 1285 2468 Deest
1302 2437 1443 2467 Domino
1460 2437 1492 2468 in
1505 2437 1598 2469 codd.
1618 2449 1628 2469 1
1642 2444 1674 2470 et

296 2507 358 2528 ew,
391 2512 434 2519 -
467 2490 539 2537 (ια)
571 2492 675 2526 Codd.
712 2503 721 2523 1
749 2500 780 2523 et
808 2503 857 2524 cvi
887 2493 927 2522 ab
957 2491 1181 2522 innocentibus
1201 2492 1297 2536 filiis,
1319 2510 1365 2516 —
1383 2490 1461 2539 (13)
1490 2493 1573 2526 Cod.
1600 2505 1673 2527 cxv!

293 2551 438 2581 landem.
