<?xml version="1.0" encoding="UTF-8"?>
<!DOCTYPE html PUBLIC "-//W3C//DTD XHTML 1.0 Transitional//EN"
    "http://www.w3.org/TR/xhtml1/DTD/xhtml1-transitional.dtd">
<html xmlns="http://www.w3.org/1999/xhtml" xml:lang="en" lang="en">
 <head>
  <title>
</title>
<meta http-equiv="Content-Type" content="text/html;charset=utf-8" />
  <meta name='ocr-system' content='tesseract 3.04.00' />
  <meta name='ocr-capabilities' content='ocr_page ocr_carea ocr_par ocr_line ocrx_word'/>
</head>
<body>
  <div class='ocr_page' id='page_1' title='image "./p2operaomniaaccu24auguuoft_0528.png"; bbox 0 0 1868 3301; ppageno 0'>
   <div class='ocr_carea' id='block_1_1' title="bbox 276 216 1386 270">
    <p class='ocr_par' dir='ltr' id='par_1_1' title="bbox 276 216 1386 270">
     <span class='ocr_line' id='line_1_1' title="bbox 276 216 1386 270; baseline 0.007 -8"><span class='ocrx_word' id='word_1_1' title='bbox 276 216 369 262; x_wconf 76' lang='lat'>518</span> <span class='ocrx_word' id='word_1_2' title='bbox 540 235 575 264; x_wconf 69' lang='grc' dir='ltr'>ὅ.</span> <span class='ocrx_word' id='word_1_3' title='bbox 622 233 865 265; x_wconf 82' lang='lat' dir='ltr'><strong>AUGUSTINI</strong></span> <span class='ocrx_word' id='word_1_4' title='bbox 902 235 1106 267; x_wconf 75' lang='lat' dir='ltr'>Erlscom</span> <span class='ocrx_word' id='word_1_5' title='bbox 1145 237 1386 270; x_wconf 78' lang='lat' dir='ltr'>APPEme.</span> 
     </span>
    </p>
   </div>
   <div class='ocr_carea' id='block_1_2' title="bbox 266 297 1656 2393">
    <p class='ocr_par' dir='ltr' id='par_1_2' title="bbox 266 297 1656 2393">
     <span class='ocr_line' id='line_1_2' title="bbox 273 297 1651 362; baseline 0.009 -25"><span class='ocrx_word' id='word_1_6' title='bbox 273 297 460 340; x_wconf 83' lang='lat' dir='ltr'>veritatis</span> <span class='ocrx_word' id='word_1_7' title='bbox 484 307 721 354; x_wconf 88' lang='lat' dir='ltr'>sequuntur</span> <span class='ocrx_word' id='word_1_8' title='bbox 755 300 814 355; x_wconf 90' lang='lat'>(1)</span> <span class='ocrx_word' id='word_1_9' title='bbox 852 314 1014 342; x_wconf 86' lang='lat' dir='ltr'>errores</span> <span class='ocrx_word' id='word_1_10' title='bbox 1042 300 1354 356; x_wconf 82' lang='lat' dir='ltr'>haereticorum,</span> <span class='ocrx_word' id='word_1_11' title='bbox 1378 312 1447 346; x_wconf 86' lang='lat' dir='ltr'>aut</span> <span class='ocrx_word' id='word_1_12' title='bbox 1468 306 1651 362; x_wconf 75' lang='lat' dir='ltr'>profanas</span> 
     </span>
     <span class='ocr_line' id='line_1_3' title="bbox 277 365 1650 424; baseline 0.006 -17"><span class='ocrx_word' id='word_1_13' title='bbox 277 365 594 407; x_wconf 79' lang='lat' dir='ltr'>adinventiones</span> <span class='ocrx_word' id='word_1_14' title='bbox 621 365 821 408; x_wconf 85' lang='lat' dir='ltr'>salsorum</span> <span class='ocrx_word' id='word_1_15' title='bbox 852 368 1173 424; x_wconf 76' lang='lat' dir='ltr'>magIStrorum3</span> <span class='ocrx_word' id='word_1_16' title='bbox 1210 388 1223 406; x_wconf 74' lang='lat' dir='ltr'>a</span> <span class='ocrx_word' id='word_1_17' title='bbox 1248 371 1439 421; x_wconf 65' lang='lat' dir='ltr'>Invidia),</span> <span class='ocrx_word' id='word_1_18' title='bbox 1468 373 1538 415; x_wconf 79' lang='lat' dir='ltr'>»id</span> <span class='ocrx_word' id='word_1_19' title='bbox 1561 382 1650 422; x_wconf 86' lang='lat' dir='ltr'>est,</span> 
     </span>
     <span class='ocr_line' id='line_1_4' title="bbox 275 430 1654 491; baseline 0.009 -22"><span class='ocrx_word' id='word_1_20' title='bbox 275 430 534 486; x_wconf 80' lang='lat' dir='ltr'>quicumque</span> <span class='ocrx_word' id='word_1_21' title='bbox 560 431 728 473; x_wconf 86' lang='lat' dir='ltr'>alterius</span> <span class='ocrx_word' id='word_1_22' title='bbox 749 432 871 474; x_wconf 89' lang='lat' dir='ltr'>honis</span> <span class='ocrx_word' id='word_1_23' title='bbox 896 442 967 474; x_wconf 88' lang='lat' dir='ltr'>aut</span> <span class='ocrx_word' id='word_1_24' title='bbox 989 435 1199 491; x_wconf 80' lang='lat' dir='ltr'>prosperis</span> <span class='ocrx_word' id='word_1_25' title='bbox 1220 437 1480 479; x_wconf 73' lang='lat' dir='ltr'>contabescit</span> <span class='ocrx_word' id='word_1_26' title='bbox 1503 447 1544 481; x_wconf 87' lang='lat' dir='ltr'>ct</span> <span class='ocrx_word' id='word_1_27' title='bbox 1565 455 1654 481; x_wconf 92' lang='lat' dir='ltr'>cor-</span> 
     </span>
     <span class='ocr_line' id='line_1_5' title="bbox 272 496 1650 552; baseline 0.007 -16"><span class='ocrx_word' id='word_1_28' title='bbox 272 496 510 552; x_wconf 90' lang='lat' dir='ltr'>rumpitur;</span> <span class='ocrx_word' id='word_1_29' title='bbox 545 514 560 534; x_wconf 75' lang='grc' dir='ltr'>(ι</span> <span class='ocrx_word' id='word_1_30' title='bbox 592 497 852 545; x_wconf 82' lang='lat' dir='ltr'>Homicidia,</span> <span class='ocrx_word' id='word_1_31' title='bbox 886 517 900 537; x_wconf 76' lang='lat' dir='ltr'>n</span> <span class='ocrx_word' id='word_1_32' title='bbox 931 498 970 539; x_wconf 82' lang='lat' dir='ltr'>id</span> <span class='ocrx_word' id='word_1_33' title='bbox 995 508 1058 540; x_wconf 85' lang='lat' dir='ltr'>est</span> <span class='ocrx_word' id='word_1_34' title='bbox 1077 532 1087 548; x_wconf 92' lang='lat'>‚</span> <span class='ocrx_word' id='word_1_35' title='bbox 1116 500 1404 543; x_wconf 81' lang='lat' dir='ltr'>innocentium</span> <span class='ocrx_word' id='word_1_36' title='bbox 1433 503 1650 546; x_wconf 89' lang='lat' dir='ltr'>hominum</span> 
     </span>
     <span class='ocr_line' id='line_1_6' title="bbox 274 562 1652 623; baseline 0.007 -21"><span class='ocrx_word' id='word_1_37' title='bbox 274 562 507 603; x_wconf 76' lang='lat' dir='ltr'>occisiones</span> <span class='ocrx_word' id='word_1_38' title='bbox 524 580 533 609; x_wconf 90' lang='lat'>;</span> <span class='ocrx_word' id='word_1_39' title='bbox 552 580 565 599; x_wconf 80' lang='grc' dir='ltr'><strong><em>ο</em></strong></span> <span class='ocrx_word' id='word_1_40' title='bbox 590 563 846 611; x_wconf 85' lang='lat' dir='ltr'>Ebrietates,</span> <span class='ocrx_word' id='word_1_41' title='bbox 872 563 944 604; x_wconf 86' lang='lat' dir='ltr'>»id</span> <span class='ocrx_word' id='word_1_42' title='bbox 966 574 1050 612; x_wconf 90' lang='lat' dir='ltr'>est,</span> <span class='ocrx_word' id='word_1_43' title='bbox 1071 565 1154 606; x_wconf 91' lang='lat' dir='ltr'>vini</span> <span class='ocrx_word' id='word_1_44' title='bbox 1179 581 1310 622; x_wconf 88' lang='lat' dir='ltr'>usque</span> <span class='ocrx_word' id='word_1_45' title='bbox 1332 569 1384 608; x_wconf 85' lang='lat' dir='ltr'>ad</span> <span class='ocrx_word' id='word_1_46' title='bbox 1411 570 1473 623; x_wconf 81' lang='lat'>(2)</span> <span class='ocrx_word' id='word_1_47' title='bbox 1502 570 1652 611; x_wconf 87' lang='lat' dir='ltr'>mentis</span> 
     </span>
     <span class='ocr_line' id='line_1_7' title="bbox 275 627 1654 691; baseline 0.007 -24"><span class='ocrx_word' id='word_1_48' title='bbox 275 627 551 668; x_wconf 74' lang='lat' dir='ltr'>mutationem</span> <span class='ocrx_word' id='word_1_49' title='bbox 578 629 793 686; x_wconf 75' lang='lat' dir='ltr'>perceptio</span> <span class='ocrx_word' id='word_1_50' title='bbox 815 646 825 676; x_wconf 85' lang='lat'><strong>;</strong></span> <span class='ocrx_word' id='word_1_51' title='bbox 847 646 862 666; x_wconf 74' lang='grc' dir='ltr'><strong>α</strong></span> <span class='ocrx_word' id='word_1_52' title='bbox 898 628 1302 679; x_wconf 77' lang='lat' dir='ltr'>Connuessationes,</span> <span class='ocrx_word' id='word_1_53' title='bbox 1328 650 1343 670; x_wconf 89' lang='lat'>»</span> <span class='ocrx_word' id='word_1_54' title='bbox 1381 634 1422 674; x_wconf 84' lang='lat' dir='ltr'>id</span> <span class='ocrx_word' id='word_1_55' title='bbox 1447 643 1533 681; x_wconf 88' lang='lat' dir='ltr'>est,</span> <span class='ocrx_word' id='word_1_56' title='bbox 1559 643 1654 691; x_wconf 82' lang='lat' dir='ltr'>post</span> 
     </span>
     <span class='ocr_line' id='line_1_8' title="bbox 272 691 1652 754; baseline 0.006 -21"><span class='ocrx_word' id='word_1_57' title='bbox 272 691 424 733; x_wconf 81' lang='lat' dir='ltr'>samem</span> <span class='ocrx_word' id='word_1_58' title='bbox 444 704 634 735; x_wconf 83' lang='lat' dir='ltr'>exactam</span> <span class='ocrx_word' id='word_1_59' title='bbox 657 695 877 750; x_wconf 82' lang='lat' dir='ltr'>epularum</span> <span class='ocrx_word' id='word_1_60' title='bbox 899 694 1157 737; x_wconf 86' lang='lat' dir='ltr'>diversarum</span> <span class='ocrx_word' id='word_1_61' title='bbox 1177 713 1308 753; x_wconf 87' lang='lat' dir='ltr'>usque</span> <span class='ocrx_word' id='word_1_62' title='bbox 1332 699 1384 739; x_wconf 89' lang='lat' dir='ltr'>ad</span> <span class='ocrx_word' id='word_1_63' title='bbox 1406 700 1652 754; x_wconf 72' lang='lat' dir='ltr'>gravitatem</span> 
     </span>
     <span class='ocr_line' id='line_1_9' title="bbox 275 758 1651 820; baseline 0.004 -20"><span class='ocrx_word' id='word_1_64' title='bbox 275 758 447 800; x_wconf 86' lang='lat' dir='ltr'>nimiam</span> <span class='ocrx_word' id='word_1_65' title='bbox 487 760 730 816; x_wconf 85' lang='lat' dir='ltr'>perceptio;</span> <span class='ocrx_word' id='word_1_66' title='bbox 764 777 779 798; x_wconf 71' lang='grc' dir='ltr'>(ι</span> <span class='ocrx_word' id='word_1_67' title='bbox 812 760 862 801; x_wconf 83' lang='lat' dir='ltr'>Et</span> <span class='ocrx_word' id='word_1_68' title='bbox 903 760 967 801; x_wconf 84' lang='lat' dir='ltr'>his</span> <span class='ocrx_word' id='word_1_69' title='bbox 1001 760 1148 802; x_wconf 76' lang='lat' dir='ltr'>similla</span> <span class='ocrx_word' id='word_1_70' title='bbox 1171 793 1181 811; x_wconf 88' lang='lat'>,</span> <span class='ocrx_word' id='word_1_71' title='bbox 1221 763 1356 818; x_wconf 80' lang='lat' dir='ltr'>inquit</span> <span class='ocrx_word' id='word_1_72' title='bbox 1398 765 1651 820; x_wconf 71' lang='lat' dir='ltr'>Apostolus,</span> 
     </span>
     <span class='ocr_line' id='line_1_10' title="bbox 274 825 1654 886; baseline 0.008 -25"><span class='ocrx_word' id='word_1_73' title='bbox 274 839 395 880; x_wconf 71' lang='lat' dir='ltr'>»qum</span> <span class='ocrx_word' id='word_1_74' title='bbox 434 825 616 881; x_wconf 74' lang='lat' dir='ltr'>praedico</span> <span class='ocrx_word' id='word_1_75' title='bbox 655 825 796 873; x_wconf 87' lang='lat' dir='ltr'>vobis,</span> <span class='ocrx_word' id='word_1_76' title='bbox 838 826 947 868; x_wconf 87' lang='lat' dir='ltr'>sicut</span> <span class='ocrx_word' id='word_1_77' title='bbox 983 827 1153 882; x_wconf 73' lang='lat' dir='ltr'>przcdixi</span> <span class='ocrx_word' id='word_1_78' title='bbox 1177 860 1187 875; x_wconf 93' lang='lat'>,</span> <span class='ocrx_word' id='word_1_79' title='bbox 1223 829 1423 884; x_wconf 84' lang='lat' dir='ltr'>quoniam</span> <span class='ocrx_word' id='word_1_80' title='bbox 1455 831 1524 886; x_wconf 87' lang='lat' dir='ltr'>qui</span> <span class='ocrx_word' id='word_1_81' title='bbox 1560 832 1654 872; x_wconf 86' lang='lat' dir='ltr'>talia</span> 
     </span>
     <span class='ocr_line' id='line_1_11' title="bbox 274 890 1654 952; baseline 0.007 -24"><span class='ocrx_word' id='word_1_82' title='bbox 274 909 288 926; x_wconf 79' lang='lat' dir='ltr'>n</span> <span class='ocrx_word' id='word_1_83' title='bbox 306 898 432 946; x_wconf 81' lang='lat' dir='ltr'>agunt</span> <span class='ocrx_word' id='word_1_84' title='bbox 454 904 631 947; x_wconf 82' lang='lat' dir='ltr'>regumn</span> <span class='ocrx_word' id='word_1_85' title='bbox 656 890 731 932; x_wconf 85' lang='lat' dir='ltr'>Dei</span> <span class='ocrx_word' id='word_1_86' title='bbox 769 905 854 932; x_wconf 92' lang='lat' dir='ltr'>non</span> <span class='ocrx_word' id='word_1_87' title='bbox 881 901 1197 949; x_wconf 75' lang='lat' dir='ltr'>consequentur</span> <span class='ocrx_word' id='word_1_88' title='bbox 1214 893 1244 936; x_wconf 88' lang='lat'>¹.</span> <span class='ocrx_word' id='word_1_89' title='bbox 1272 915 1287 933; x_wconf 67' lang='grc' dir='ltr'>ι»</span> <span class='ocrx_word' id='word_1_90' title='bbox 1313 894 1418 935; x_wconf 88' lang='lat' dir='ltr'>ltem</span> <span class='ocrx_word' id='word_1_91' title='bbox 1441 898 1490 937; x_wconf 82' lang='lat' dir='ltr'>ad</span> <span class='ocrx_word' id='word_1_92' title='bbox 1516 896 1654 952; x_wconf 83' lang='lat' dir='ltr'>Ephe-</span> 
     </span>
     <span class='ocr_line' id='line_1_12' title="bbox 273 955 1656 1013; baseline 0.007 -18"><span class='ocrx_word' id='word_1_93' title='bbox 273 955 354 996; x_wconf 88' lang='lat' dir='ltr'>sios</span> <span class='ocrx_word' id='word_1_94' title='bbox 378 956 489 997; x_wconf 89' lang='lat' dir='ltr'>idem</span> <span class='ocrx_word' id='word_1_95' title='bbox 508 956 733 1012; x_wconf 78' lang='lat' dir='ltr'>Apostolus</span> <span class='ocrx_word' id='word_1_96' title='bbox 751 957 918 1013; x_wconf 79' lang='lat' dir='ltr'>scripsit</span> <span class='ocrx_word' id='word_1_97' title='bbox 943 958 1086 1000; x_wconf 83' lang='lat' dir='ltr'>diceus</span> <span class='ocrx_word' id='word_1_98' title='bbox 1110 974 1119 998; x_wconf 89' lang='lat'><strong>:</strong></span> <span class='ocrx_word' id='word_1_99' title='bbox 1144 977 1158 997; x_wconf 78' lang='grc' dir='ltr'>ι(</span> <span class='ocrx_word' id='word_1_100' title='bbox 1184 960 1424 1003; x_wconf 75' lang='lat' dir='ltr'>Fornicatio</span> <span class='ocrx_word' id='word_1_101' title='bbox 1447 970 1587 1002; x_wconf 86' lang='lat' dir='ltr'>autem</span> <span class='ocrx_word' id='word_1_102' title='bbox 1613 972 1656 1004; x_wconf 89' lang='lat' dir='ltr'>et</span> 
     </span>
     <span class='ocr_line' id='line_1_13' title="bbox 276 1021 1655 1069; baseline 0.006 -9"><span class='ocrx_word' id='word_1_103' title='bbox 276 1022 441 1062; x_wconf 76' lang='lat' dir='ltr'>»omnis</span> <span class='ocrx_word' id='word_1_104' title='bbox 477 1021 745 1063; x_wconf 80' lang='lat' dir='ltr'>immunditia</span> <span class='ocrx_word' id='word_1_105' title='bbox 778 1037 857 1064; x_wconf 91' lang='lat' dir='ltr'>nec</span> <span class='ocrx_word' id='word_1_106' title='bbox 896 1023 1140 1065; x_wconf 84' lang='lat' dir='ltr'>nominetur</span> <span class='ocrx_word' id='word_1_107' title='bbox 1177 1024 1217 1066; x_wconf 92' lang='lat' dir='ltr'>in</span> <span class='ocrx_word' id='word_1_108' title='bbox 1251 1026 1368 1067; x_wconf 80' lang='lat' dir='ltr'>vobis</span> <span class='ocrx_word' id='word_1_109' title='bbox 1391 1026 1499 1067; x_wconf 87' lang='lat' dir='ltr'>sicut</span> <span class='ocrx_word' id='word_1_110' title='bbox 1532 1029 1655 1069; x_wconf 85' lang='lat' dir='ltr'>decet</span> 
     </span>
     <span class='ocr_line' id='line_1_14' title="bbox 275 1087 1643 1146; baseline 0.004 -19"><span class='ocrx_word' id='word_1_111' title='bbox 275 1105 292 1125; x_wconf 75' lang='grc' dir='ltr'><strong>ι</strong></span> <span class='ocrx_word' id='word_1_112' title='bbox 307 1095 488 1135; x_wconf 83' lang='lat' dir='ltr'>sanctos,</span> <span class='ocrx_word' id='word_1_113' title='bbox 505 1087 822 1145; x_wconf 87' lang='lat' dir='ltr'>autturpitudo‚</span> <span class='ocrx_word' id='word_1_114' title='bbox 847 1097 917 1130; x_wconf 85' lang='lat' dir='ltr'>aut</span> <span class='ocrx_word' id='word_1_115' title='bbox 933 1088 1259 1146; x_wconf 84' lang='lat' dir='ltr'>stultiloquium,</span> <span class='ocrx_word' id='word_1_116' title='bbox 1280 1099 1351 1132; x_wconf 83' lang='lat' dir='ltr'>aut</span> <span class='ocrx_word' id='word_1_117' title='bbox 1366 1091 1614 1140; x_wconf 84' lang='lat' dir='ltr'>scurrilitas,</span> <span class='ocrx_word' id='word_1_118' title='bbox 1629 1110 1643 1131; x_wconf 73' lang='grc' dir='ltr'><strong>ι</strong></span> 
     </span>
     <span class='ocr_line' id='line_1_15' title="bbox 275 1153 1654 1211; baseline 0.004 -17"><span class='ocrx_word' id='word_1_119' title='bbox 275 1153 316 1194; x_wconf 91' lang='lat' dir='ltr'>id</span> <span class='ocrx_word' id='word_1_120' title='bbox 335 1161 396 1195; x_wconf 85' lang='lat' dir='ltr'>cst</span> <span class='ocrx_word' id='word_1_121' title='bbox 414 1186 423 1202; x_wconf 89' lang='lat'><strong>‚</strong></span> <span class='ocrx_word' id='word_1_122' title='bbox 449 1154 574 1195; x_wconf 80' lang='lat' dir='ltr'>verba</span> <span class='ocrx_word' id='word_1_123' title='bbox 596 1153 800 1210; x_wconf 82' lang='lat' dir='ltr'>jocularia</span> <span class='ocrx_word' id='word_1_124' title='bbox 818 1187 828 1201; x_wconf 92' lang='lat'>,</span> <span class='ocrx_word' id='word_1_125' title='bbox 856 1172 870 1192; x_wconf 74' lang='lat' dir='ltr'>a</span> <span class='ocrx_word' id='word_1_126' title='bbox 893 1170 986 1211; x_wconf 85' lang='lat' dir='ltr'>quae</span> <span class='ocrx_word' id='word_1_127' title='bbox 1012 1157 1063 1197; x_wconf 85' lang='lat' dir='ltr'>ad</span> <span class='ocrx_word' id='word_1_128' title='bbox 1088 1172 1176 1198; x_wconf 86' lang='lat' dir='ltr'>rem</span> <span class='ocrx_word' id='word_1_129' title='bbox 1200 1171 1283 1197; x_wconf 88' lang='lat' dir='ltr'>non</span> <span class='ocrx_word' id='word_1_130' title='bbox 1318 1156 1541 1211; x_wconf 75' lang='lat' dir='ltr'>pertinent.</span> <span class='ocrx_word' id='word_1_131' title='bbox 1565 1158 1654 1199; x_wconf 84' lang='lat' dir='ltr'>Hoc</span> 
     </span>
     <span class='ocr_line' id='line_1_16' title="bbox 274 1219 1653 1277; baseline 0.004 -20"><span class='ocrx_word' id='word_1_132' title='bbox 274 1227 443 1261; x_wconf 74' lang='lat' dir='ltr'>„autem</span> <span class='ocrx_word' id='word_1_133' title='bbox 479 1219 628 1261; x_wconf 82' lang='lat' dir='ltr'>scitote</span> <span class='ocrx_word' id='word_1_134' title='bbox 662 1220 968 1277; x_wconf 81' lang='lat' dir='ltr'>intelligentes,</span> <span class='ocrx_word' id='word_1_135' title='bbox 997 1223 1112 1277; x_wconf 83' lang='lat' dir='ltr'>quod</span> <span class='ocrx_word' id='word_1_136' title='bbox 1145 1222 1282 1263; x_wconf 89' lang='lat' dir='ltr'>omnis</span> <span class='ocrx_word' id='word_1_137' title='bbox 1307 1221 1554 1274; x_wconf 81' lang='lat' dir='ltr'>fornicator,</span> <span class='ocrx_word' id='word_1_138' title='bbox 1582 1232 1653 1264; x_wconf 86' lang='lat' dir='ltr'>aut</span> 
     </span>
     <span class='ocr_line' id='line_1_17' title="bbox 275 1285 1652 1343; baseline 0.004 -21"><span class='ocrx_word' id='word_1_139' title='bbox 275 1303 288 1322; x_wconf 71' lang='lat' dir='ltr'>n</span> <span class='ocrx_word' id='word_1_140' title='bbox 304 1285 571 1333; x_wconf 78' lang='lat' dir='ltr'>immundus,</span> <span class='ocrx_word' id='word_1_141' title='bbox 595 1295 666 1327; x_wconf 82' lang='lat' dir='ltr'>aut</span> <span class='ocrx_word' id='word_1_142' title='bbox 688 1300 856 1337; x_wconf 83' lang='lat' dir='ltr'>avarus,</span> <span class='ocrx_word' id='word_1_143' title='bbox 880 1288 993 1343; x_wconf 86' lang='lat' dir='ltr'>quod</span> <span class='ocrx_word' id='word_1_144' title='bbox 1019 1294 1082 1328; x_wconf 88' lang='lat' dir='ltr'>est</span> <span class='ocrx_word' id='word_1_145' title='bbox 1104 1287 1314 1328; x_wconf 89' lang='lat' dir='ltr'>idolorum</span> <span class='ocrx_word' id='word_1_146' title='bbox 1339 1287 1517 1328; x_wconf 86' lang='lat' dir='ltr'>servitus</span> <span class='ocrx_word' id='word_1_147' title='bbox 1538 1320 1548 1339; x_wconf 89' lang='lat'><strong>‚</strong></span> <span class='ocrx_word' id='word_1_148' title='bbox 1570 1302 1652 1330; x_wconf 91' lang='lat' dir='ltr'>nou</span> 
     </span>
     <span class='ocr_line' id='line_1_18' title="bbox 273 1350 1656 1406; baseline 0.003 -16"><span class='ocrx_word' id='word_1_149' title='bbox 273 1350 431 1392; x_wconf 81' lang='lat' dir='ltr'>»habet</span> <span class='ocrx_word' id='word_1_150' title='bbox 467 1350 757 1393; x_wconf 78' lang='lat' dir='ltr'>haereditatem</span> <span class='ocrx_word' id='word_1_151' title='bbox 793 1351 833 1392; x_wconf 93' lang='lat' dir='ltr'>in</span> <span class='ocrx_word' id='word_1_152' title='bbox 868 1366 997 1406; x_wconf 73' lang='lat' dir='ltr'>regno</span> <span class='ocrx_word' id='word_1_153' title='bbox 1034 1352 1188 1394; x_wconf 88' lang='lat' dir='ltr'>Christi</span> <span class='ocrx_word' id='word_1_154' title='bbox 1218 1361 1259 1394; x_wconf 85' lang='lat' dir='ltr'>et</span> <span class='ocrx_word' id='word_1_155' title='bbox 1288 1352 1410 1394; x_wconf 77' lang='lat' dir='ltr'><strong>Doi2.</strong></span> <span class='ocrx_word' id='word_1_156' title='bbox 1434 1371 1448 1390; x_wconf 75' lang='grc' dir='ltr'><strong>υ</strong></span> <span class='ocrx_word' id='word_1_157' title='bbox 1476 1353 1582 1394; x_wconf 86' lang='lat' dir='ltr'>Item</span> <span class='ocrx_word' id='word_1_158' title='bbox 1604 1354 1656 1394; x_wconf 89' lang='lat' dir='ltr'>ad</span> 
     </span>
     <span class='ocr_line' id='line_1_19' title="bbox 273 1416 1653 1474; baseline 0 -16"><span class='ocrx_word' id='word_1_159' title='bbox 273 1416 514 1459; x_wconf 85' lang='lat' dir='ltr'>Corinthios</span> <span class='ocrx_word' id='word_1_160' title='bbox 537 1432 545 1458; x_wconf 90' lang='lat'>:</span> <span class='ocrx_word' id='word_1_161' title='bbox 569 1434 585 1454; x_wconf 90' lang='lat'>«</span> <span class='ocrx_word' id='word_1_162' title='bbox 607 1417 670 1460; x_wconf 92' lang='lat' dir='ltr'>An</span> <span class='ocrx_word' id='word_1_163' title='bbox 693 1417 862 1459; x_wconf 85' lang='lat' dir='ltr'>nescitis</span> <span class='ocrx_word' id='word_1_164' title='bbox 880 1418 1082 1473; x_wconf 84' lang='lat' dir='ltr'>quoniam</span> <span class='ocrx_word' id='word_1_165' title='bbox 1105 1433 1285 1474; x_wconf 85' lang='lat' dir='ltr'>reguum</span> <span class='ocrx_word' id='word_1_166' title='bbox 1307 1418 1382 1459; x_wconf 89' lang='lat' dir='ltr'>Dei</span> <span class='ocrx_word' id='word_1_167' title='bbox 1409 1417 1543 1474; x_wconf 80' lang='lat' dir='ltr'>iniqui</span> <span class='ocrx_word' id='word_1_168' title='bbox 1568 1433 1653 1458; x_wconf 89' lang='lat' dir='ltr'>non</span> 
     </span>
     <span class='ocr_line' id='line_1_20' title="bbox 270 1482 1652 1540; baseline 0.001 -19"><span class='ocrx_word' id='word_1_169' title='bbox 270 1482 614 1539; x_wconf 76' lang='lat' dir='ltr'>»possidebunti&#39;</span> <span class='ocrx_word' id='word_1_170' title='bbox 651 1482 789 1526; x_wconf 89' lang='lat' dir='ltr'>Nolite</span> <span class='ocrx_word' id='word_1_171' title='bbox 832 1497 997 1530; x_wconf 86' lang='lat' dir='ltr'>errare,</span> <span class='ocrx_word' id='word_1_172' title='bbox 1041 1484 1187 1525; x_wconf 77' lang='lat' dir='ltr'>fratres</span> <span class='ocrx_word' id='word_1_173' title='bbox 1226 1484 1338 1531; x_wconf 85' lang='lat' dir='ltr'>mei,</span> <span class='ocrx_word' id='word_1_174' title='bbox 1382 1484 1479 1539; x_wconf 84' lang='lat' dir='ltr'>quia</span> <span class='ocrx_word' id='word_1_175' title='bbox 1516 1498 1652 1540; x_wconf 88' lang='lat' dir='ltr'>neque</span> 
     </span>
     <span class='ocr_line' id='line_1_21' title="bbox 271 1546 1651 1604; baseline 0.002 -19"><span class='ocrx_word' id='word_1_176' title='bbox 271 1548 411 1589; x_wconf 71' lang='lat' dir='ltr'>0avari</span> <span class='ocrx_word' id='word_1_177' title='bbox 432 1580 442 1595; x_wconf 90' lang='lat'>,</span> <span class='ocrx_word' id='word_1_178' title='bbox 478 1563 615 1604; x_wconf 80' lang='lat' dir='ltr'>neque</span> <span class='ocrx_word' id='word_1_179' title='bbox 637 1548 790 1589; x_wconf 77' lang='lat' dir='ltr'>ebriosi</span> <span class='ocrx_word' id='word_1_180' title='bbox 825 1562 1000 1603; x_wconf 80' lang='lat' dir='ltr'>reguum</span> <span class='ocrx_word' id='word_1_181' title='bbox 1028 1548 1105 1588; x_wconf 87' lang='lat' dir='ltr'>Dei</span> <span class='ocrx_word' id='word_1_182' title='bbox 1131 1546 1450 1603; x_wconf 81' lang='lat' dir='ltr'>possidebnnt³.</span> <span class='ocrx_word' id='word_1_183' title='bbox 1481 1568 1495 1587; x_wconf 73' lang='lat' dir='ltr'>n</span> <span class='ocrx_word' id='word_1_184' title='bbox 1524 1549 1651 1591; x_wconf 83' lang='lat' dir='ltr'>Avari</span> 
     </span>
     <span class='ocr_line' id='line_1_22' title="bbox 268 1613 1651 1669; baseline 0 -14"><span class='ocrx_word' id='word_1_185' title='bbox 268 1622 367 1655; x_wconf 87' lang='lat' dir='ltr'>sunt</span> <span class='ocrx_word' id='word_1_186' title='bbox 397 1613 568 1668; x_wconf 90' lang='lat' dir='ltr'>quidem</span> <span class='ocrx_word' id='word_1_187' title='bbox 603 1613 660 1654; x_wconf 90' lang='lat' dir='ltr'>illi</span> <span class='ocrx_word' id='word_1_188' title='bbox 695 1613 766 1668; x_wconf 87' lang='lat' dir='ltr'>qui</span> <span class='ocrx_word' id='word_1_189' title='bbox 793 1613 927 1654; x_wconf 86' lang='lat' dir='ltr'>aliena</span> <span class='ocrx_word' id='word_1_190' title='bbox 961 1613 1180 1668; x_wconf 80' lang='lat' dir='ltr'>acquirere</span> <span class='ocrx_word' id='word_1_191' title='bbox 1204 1613 1533 1669; x_wconf 84' lang='lat' dir='ltr'>concupiscunt,</span> <span class='ocrx_word' id='word_1_192' title='bbox 1566 1615 1651 1655; x_wconf 79' lang='lat' dir='ltr'>siVe</span> 
     </span>
     <span class='ocr_line' id='line_1_23' title="bbox 269 1678 1651 1736; baseline 0 -16"><span class='ocrx_word' id='word_1_193' title='bbox 269 1681 340 1736; x_wconf 84' lang='lat' dir='ltr'>qui</span> <span class='ocrx_word' id='word_1_194' title='bbox 364 1679 520 1735; x_wconf 84' lang='lat' dir='ltr'>injuste</span> <span class='ocrx_word' id='word_1_195' title='bbox 543 1678 683 1721; x_wconf 82' lang='lat' dir='ltr'>habita</span> <span class='ocrx_word' id='word_1_196' title='bbox 705 1694 776 1719; x_wconf 89' lang='lat' dir='ltr'>sua</span> <span class='ocrx_word' id='word_1_197' title='bbox 803 1678 1090 1735; x_wconf 81' lang='lat' dir='ltr'>indigentibus</span> <span class='ocrx_word' id='word_1_198' title='bbox 1113 1693 1195 1720; x_wconf 83' lang='lat' dir='ltr'>non</span> <span class='ocrx_word' id='word_1_199' title='bbox 1221 1680 1494 1721; x_wconf 84' lang='lat' dir='ltr'>distribuunt.</span> <span class='ocrx_word' id='word_1_200' title='bbox 1518 1680 1651 1736; x_wconf 84' lang='lat' dir='ltr'>Rapa-</span> 
     </span>
     <span class='ocr_line' id='line_1_24' title="bbox 270 1744 1651 1800; baseline -0.001 -13"><span class='ocrx_word' id='word_1_201' title='bbox 270 1761 339 1787; x_wconf 87' lang='lat' dir='ltr'>ces</span> <span class='ocrx_word' id='word_1_202' title='bbox 359 1753 478 1790; x_wconf 82' lang='lat' dir='ltr'>sunt,</span> <span class='ocrx_word' id='word_1_203' title='bbox 512 1744 582 1800; x_wconf 88' lang='lat' dir='ltr'>qui</span> <span class='ocrx_word' id='word_1_204' title='bbox 607 1744 740 1785; x_wconf 87' lang='lat' dir='ltr'>aliena</span> <span class='ocrx_word' id='word_1_205' title='bbox 765 1759 840 1800; x_wconf 92' lang='lat' dir='ltr'>per</span> <span class='ocrx_word' id='word_1_206' title='bbox 861 1744 944 1785; x_wconf 86' lang='lat' dir='ltr'>vim</span> <span class='ocrx_word' id='word_1_207' title='bbox 972 1745 1139 1786; x_wconf 82' lang='lat' dir='ltr'>tollunt.</span> <span class='ocrx_word' id='word_1_208' title='bbox 1168 1744 1362 1787; x_wconf 86' lang='lat' dir='ltr'>Adulteri</span> <span class='ocrx_word' id='word_1_209' title='bbox 1386 1753 1483 1785; x_wconf 87' lang='lat' dir='ltr'>sunt</span> <span class='ocrx_word' id='word_1_210' title='bbox 1505 1745 1576 1800; x_wconf 90' lang='lat' dir='ltr'>qui</span> <span class='ocrx_word' id='word_1_211' title='bbox 1601 1746 1651 1786; x_wconf 86' lang='lat' dir='ltr'>ad</span> 
     </span>
     <span class='ocr_line' id='line_1_25' title="bbox 269 1810 1651 1867; baseline -0.001 -13"><span class='ocrx_word' id='word_1_212' title='bbox 269 1826 420 1854; x_wconf 80' lang='lat' dir='ltr'>uxores</span> <span class='ocrx_word' id='word_1_213' title='bbox 454 1812 608 1854; x_wconf 84' lang='lat' dir='ltr'>alienas</span> <span class='ocrx_word' id='word_1_214' title='bbox 642 1811 702 1867; x_wconf 84' lang='lat'>(5)</span> <span class='ocrx_word' id='word_1_215' title='bbox 747 1811 974 1852; x_wconf 88' lang='lat' dir='ltr'>accedunt.</span> <span class='ocrx_word' id='word_1_216' title='bbox 1025 1810 1311 1852; x_wconf 83' lang='lat' dir='ltr'>Masculornm</span> <span class='ocrx_word' id='word_1_217' title='bbox 1350 1811 1651 1853; x_wconf 83' lang='lat' dir='ltr'>concubitores</span> 
     </span>
     <span class='ocr_line' id='line_1_26' title="bbox 269 1876 1648 1934; baseline -0.001 -15"><span class='ocrx_word' id='word_1_218' title='bbox 269 1887 368 1919; x_wconf 85' lang='lat' dir='ltr'>sunt</span> <span class='ocrx_word' id='word_1_219' title='bbox 392 1910 401 1924; x_wconf 92' lang='lat'><strong>‚</strong></span> <span class='ocrx_word' id='word_1_220' title='bbox 440 1877 513 1934; x_wconf 91' lang='lat' dir='ltr'>qui</span> <span class='ocrx_word' id='word_1_221' title='bbox 552 1876 909 1919; x_wconf 82' lang='lat' dir='ltr'>incestuosissime</span> <span class='ocrx_word' id='word_1_222' title='bbox 946 1877 989 1918; x_wconf 87' lang='lat' dir='ltr'>in</span> <span class='ocrx_word' id='word_1_223' title='bbox 1026 1878 1235 1918; x_wconf 85' lang='lat' dir='ltr'>masculos</span> <span class='ocrx_word' id='word_1_224' title='bbox 1274 1891 1393 1918; x_wconf 88' lang='lat' dir='ltr'>suam</span> <span class='ocrx_word' id='word_1_225' title='bbox 1427 1876 1648 1917; x_wconf 85' lang='lat' dir='ltr'>libidinem</span> 
     </span>
     <span class='ocr_line' id='line_1_27' title="bbox 269 1942 1650 2000; baseline -0.001 -16"><span class='ocrx_word' id='word_1_226' title='bbox 269 1945 463 2000; x_wconf 83' lang='lat' dir='ltr'>explent,</span> <span class='ocrx_word' id='word_1_227' title='bbox 499 1943 606 1985; x_wconf 85' lang='lat' dir='ltr'>sicut</span> <span class='ocrx_word' id='word_1_228' title='bbox 642 1943 885 1985; x_wconf 83' lang='lat' dir='ltr'>Sodomitae.</span> <span class='ocrx_word' id='word_1_229' title='bbox 923 1942 1070 1985; x_wconf 87' lang='lat' dir='ltr'>Molles</span> <span class='ocrx_word' id='word_1_230' title='bbox 1094 1951 1217 1991; x_wconf 87' lang='lat' dir='ltr'>sunt,</span> <span class='ocrx_word' id='word_1_231' title='bbox 1253 1943 1324 1999; x_wconf 85' lang='lat' dir='ltr'>qui</span> <span class='ocrx_word' id='word_1_232' title='bbox 1358 1943 1650 1984; x_wconf 82' lang='lat' dir='ltr'>succumbunt</span> 
     </span>
     <span class='ocr_line' id='line_1_28' title="bbox 269 2008 1650 2064; baseline -0.001 -13"><span class='ocrx_word' id='word_1_233' title='bbox 269 2009 486 2059; x_wconf 84' lang='lat' dir='ltr'>masculis,</span> <span class='ocrx_word' id='word_1_234' title='bbox 511 2009 553 2050; x_wconf 87' lang='lat' dir='ltr'>id</span> <span class='ocrx_word' id='word_1_235' title='bbox 581 2016 664 2055; x_wconf 77' lang='lat' dir='ltr'>ost,</span> <span class='ocrx_word' id='word_1_236' title='bbox 693 2008 764 2064; x_wconf 89' lang='lat' dir='ltr'>qui</span> <span class='ocrx_word' id='word_1_237' title='bbox 793 2008 1020 2062; x_wconf 84' lang='lat' dir='ltr'>subjacent</span> <span class='ocrx_word' id='word_1_238' title='bbox 1041 2010 1329 2051; x_wconf 84' lang='lat' dir='ltr'>masculorum</span> <span class='ocrx_word' id='word_1_239' title='bbox 1356 2008 1650 2050; x_wconf 85' lang='lat' dir='ltr'>concubitori-</span> 
     </span>
     <span class='ocr_line' id='line_1_29' title="bbox 267 2073 1648 2130; baseline -0.001 -14"><span class='ocrx_word' id='word_1_240' title='bbox 267 2075 359 2117; x_wconf 88' lang='lat' dir='ltr'>bus.</span> <span class='ocrx_word' id='word_1_241' title='bbox 403 2073 596 2115; x_wconf 80' lang='lat' dir='ltr'>Maledici</span> <span class='ocrx_word' id='word_1_242' title='bbox 629 2082 729 2115; x_wconf 81' lang='lat' dir='ltr'>sunt</span> <span class='ocrx_word' id='word_1_243' title='bbox 765 2074 835 2130; x_wconf 91' lang='lat' dir='ltr'>qui</span> <span class='ocrx_word' id='word_1_244' title='bbox 871 2073 1027 2128; x_wconf 86' lang='lat' dir='ltr'>injuste</span> <span class='ocrx_word' id='word_1_245' title='bbox 1062 2082 1103 2114; x_wconf 90' lang='lat' dir='ltr'>et</span> <span class='ocrx_word' id='word_1_246' title='bbox 1138 2073 1484 2115; x_wconf 78' lang='lat' dir='ltr'>irrationabiliter</span> <span class='ocrx_word' id='word_1_247' title='bbox 1514 2073 1556 2114; x_wconf 93' lang='lat' dir='ltr'>in</span> <span class='ocrx_word' id='word_1_248' title='bbox 1587 2074 1648 2115; x_wconf 85' lang='lat' dir='ltr'>ira</span> 
     </span>
     <span class='ocr_line' id='line_1_30' title="bbox 268 2139 1642 2197; baseline -0.001 -15"><span class='ocrx_word' id='word_1_249' title='bbox 268 2140 470 2182; x_wconf 88' lang='lat' dir='ltr'>commoti</span> <span class='ocrx_word' id='word_1_250' title='bbox 498 2140 547 2181; x_wconf 88' lang='lat' dir='ltr'>ad</span> <span class='ocrx_word' id='word_1_251' title='bbox 582 2139 863 2196; x_wconf 80' lang='lat' dir='ltr'>blasphemias</span> <span class='ocrx_word' id='word_1_252' title='bbox 892 2147 1148 2197; x_wconf 84' lang='lat' dir='ltr'>erumpunt,</span> <span class='ocrx_word' id='word_1_253' title='bbox 1186 2145 1228 2181; x_wconf 83' lang='lat' dir='ltr'>et</span> <span class='ocrx_word' id='word_1_254' title='bbox 1255 2139 1326 2196; x_wconf 90' lang='lat' dir='ltr'>qui</span> <span class='ocrx_word' id='word_1_255' title='bbox 1363 2140 1452 2181; x_wconf 83' lang='lat' dir='ltr'>aliis</span> <span class='ocrx_word' id='word_1_256' title='bbox 1484 2141 1642 2181; x_wconf 85' lang='lat' dir='ltr'>malum</span> 
     </span>
     <span class='ocr_line' id='line_1_31' title="bbox 266 2205 1640 2263; baseline -0.001 -14"><span class='ocrx_word' id='word_1_257' title='bbox 266 2207 451 2263; x_wconf 81' lang='lat' dir='ltr'>irrogare</span> <span class='ocrx_word' id='word_1_258' title='bbox 483 2214 718 2254; x_wconf 84' lang='lat' dir='ltr'>conantur,</span> <span class='ocrx_word' id='word_1_259' title='bbox 756 2214 800 2248; x_wconf 89' lang='lat' dir='ltr'>et</span> <span class='ocrx_word' id='word_1_260' title='bbox 835 2205 868 2247; x_wconf 88' lang='lat' dir='ltr'>si</span> <span class='ocrx_word' id='word_1_261' title='bbox 903 2215 1110 2261; x_wconf 88' lang='lat' dir='ltr'>possunt,</span> <span class='ocrx_word' id='word_1_262' title='bbox 1148 2206 1396 2248; x_wconf 84' lang='lat' dir='ltr'>violentiam</span> <span class='ocrx_word' id='word_1_263' title='bbox 1435 2205 1640 2261; x_wconf 83' lang='lat' dir='ltr'>ingerere.</span> 
     </span>
     <span class='ocr_line' id='line_1_32' title="bbox 267 2270 1647 2327; baseline -0.001 -14"><span class='ocrx_word' id='word_1_264' title='bbox 267 2272 430 2315; x_wconf 89' lang='lat' dir='ltr'>Ebriosi</span> <span class='ocrx_word' id='word_1_265' title='bbox 453 2279 572 2318; x_wconf 83' lang='lat' dir='ltr'>sunt,</span> <span class='ocrx_word' id='word_1_266' title='bbox 601 2271 673 2327; x_wconf 90' lang='lat' dir='ltr'>qui</span> <span class='ocrx_word' id='word_1_267' title='bbox 702 2271 798 2313; x_wconf 89' lang='lat' dir='ltr'>vino</span> <span class='ocrx_word' id='word_1_268' title='bbox 831 2271 986 2319; x_wconf 86' lang='lat' dir='ltr'>dediti,</span> <span class='ocrx_word' id='word_1_269' title='bbox 1021 2271 1340 2327; x_wconf 81' lang='lat' dir='ltr'>praecipitantur</span> <span class='ocrx_word' id='word_1_270' title='bbox 1377 2270 1428 2313; x_wconf 82' lang='lat' dir='ltr'>ad</span> <span class='ocrx_word' id='word_1_271' title='bbox 1464 2270 1647 2312; x_wconf 82' lang='lat' dir='ltr'>insanias</span> 
     </span>
     <span class='ocr_line' id='line_1_33' title="bbox 267 2335 1646 2393; baseline -0.002 -14"><span class='ocrx_word' id='word_1_272' title='bbox 267 2337 516 2385; x_wconf 83' lang='lat' dir='ltr'>libidinum,</span> <span class='ocrx_word' id='word_1_273' title='bbox 552 2335 799 2378; x_wconf 86' lang='lat' dir='ltr'>dilabuntur</span> <span class='ocrx_word' id='word_1_274' title='bbox 834 2344 877 2378; x_wconf 88' lang='lat' dir='ltr'>et</span> <span class='ocrx_word' id='word_1_275' title='bbox 909 2336 959 2377; x_wconf 86' lang='lat' dir='ltr'>ad</span> <span class='ocrx_word' id='word_1_276' title='bbox 997 2335 1306 2393; x_wconf 85' lang='lat' dir='ltr'>blasphemias,</span> <span class='ocrx_word' id='word_1_277' title='bbox 1341 2335 1589 2378; x_wconf 84' lang='lat' dir='ltr'>recedentes</span> <span class='ocrx_word' id='word_1_278' title='bbox 1624 2349 1646 2376; x_wconf 85' lang='lat' dir='ltr'>a</span> 
     </span>
    </p>
   </div>
   <div class='ocr_carea' id='block_1_3' title="bbox 317 2442 1420 2490">
    <p class='ocr_par' dir='ltr' id='par_1_3' title="bbox 317 2442 1420 2490">
     <span class='ocr_line' id='line_1_34' title="bbox 317 2442 1420 2490; baseline -0.001 -11"><span class='ocrx_word' id='word_1_279' title='bbox 317 2448 326 2469; x_wconf 88' lang='lat'><em>¹</em></span> <span class='ocrx_word' id='word_1_280' title='bbox 345 2447 448 2479; x_wconf 77' lang='lat' dir='ltr'>Galat.</span> <span class='ocrx_word' id='word_1_281' title='bbox 463 2457 494 2483; x_wconf 90' lang='lat' dir='ltr'>v,</span> <span class='ocrx_word' id='word_1_282' title='bbox 515 2456 636 2487; x_wconf 79' lang='lat'>19-21.</span> <span class='ocrx_word' id='word_1_283' title='bbox 655 2464 695 2469; x_wconf 95' lang='lat'>—</span> <span class='ocrx_word' id='word_1_284' title='bbox 713 2443 730 2466; x_wconf 76' lang='lat'><em>2</em></span> <span class='ocrx_word' id='word_1_285' title='bbox 747 2445 868 2490; x_wconf 80' lang='lat' dir='ltr'>Ephes.</span> <span class='ocrx_word' id='word_1_286' title='bbox 886 2457 918 2487; x_wconf 82' lang='lat' dir='ltr'>v,</span> <span class='ocrx_word' id='word_1_287' title='bbox 938 2446 1008 2479; x_wconf 85' lang='lat'><strong>3-5.</strong></span> <span class='ocrx_word' id='word_1_288' title='bbox 1023 2463 1070 2469; x_wconf 89' lang='lat'>—-</span> <span class='ocrx_word' id='word_1_289' title='bbox 1085 2442 1100 2467; x_wconf 82' lang='lat'>3</span> <span class='ocrx_word' id='word_1_290' title='bbox 1126 2456 1136 2476; x_wconf 85' lang='grc' dir='ltr'>ι</span> <span class='ocrx_word' id='word_1_291' title='bbox 1157 2446 1232 2477; x_wconf 81' lang='lat' dir='ltr'>Cor.</span> <span class='ocrx_word' id='word_1_292' title='bbox 1248 2455 1295 2488; x_wconf 74' lang='lat' dir='ltr'>vx,</span> <span class='ocrx_word' id='word_1_293' title='bbox 1311 2456 1347 2486; x_wconf 86' lang='lat'>9,</span> <span class='ocrx_word' id='word_1_294' title='bbox 1368 2456 1420 2478; x_wconf 78' lang='grc' dir='ltr'>ιο.</span> 
     </span>
    </p>
   </div>
   <div class='ocr_carea' id='block_1_4' title="bbox 261 2528 1646 2634">
    <p class='ocr_par' dir='ltr' id='par_1_4' title="bbox 261 2528 1646 2634">
     <span class='ocr_line' id='line_1_35' title="bbox 310 2528 1646 2577; baseline 0 -13"><span class='ocrx_word' id='word_1_295' title='bbox 310 2533 358 2577; x_wconf 74' lang='lat'>(1&#39;)</span> <span class='ocrx_word' id='word_1_296' title='bbox 384 2532 530 2565; x_wconf 86' lang='lat' dir='ltr'>Verbum</span> <span class='ocrx_word' id='word_1_297' title='bbox 556 2540 735 2574; x_wconf 79' lang='lat' dir='ltr'>sequuntur</span> <span class='ocrx_word' id='word_1_298' title='bbox 756 2531 809 2564; x_wconf 88' lang='lat' dir='ltr'>hic</span> <span class='ocrx_word' id='word_1_299' title='bbox 827 2531 947 2575; x_wconf 85' lang='lat' dir='ltr'>passive</span> <span class='ocrx_word' id='word_1_300' title='bbox 968 2531 1115 2575; x_wconf 85' lang='lat' dir='ltr'>accipias.</span> <span class='ocrx_word' id='word_1_301' title='bbox 1133 2548 1178 2556; x_wconf 94' lang='lat'>--</span> <span class='ocrx_word' id='word_1_302' title='bbox 1202 2528 1257 2577; x_wconf 63' lang='grc' dir='ltr'>(α)</span> <span class='ocrx_word' id='word_1_303' title='bbox 1282 2532 1381 2564; x_wconf 73' lang='lat' dir='ltr'>Deest</span> <span class='ocrx_word' id='word_1_304' title='bbox 1399 2531 1448 2562; x_wconf 83' lang='lat' dir='ltr'>ad</span> <span class='ocrx_word' id='word_1_305' title='bbox 1461 2530 1492 2563; x_wconf 89' lang='lat' dir='ltr'>in</span> <span class='ocrx_word' id='word_1_306' title='bbox 1510 2529 1584 2565; x_wconf 88' lang='lat' dir='ltr'>cod.</span> <span class='ocrx_word' id='word_1_307' title='bbox 1599 2549 1646 2556; x_wconf 92' lang='lat'>—-</span> 
     </span>
     <span class='ocr_line' id='line_1_36' title="bbox 261 2587 1118 2634; baseline -0.006 -11"><span class='ocrx_word' id='word_1_308' title='bbox 261 2588 312 2634; x_wconf 62' lang='lat'>13)</span> <span class='ocrx_word' id='word_1_309' title='bbox 334 2590 412 2622; x_wconf 77' lang='lat' dir='ltr'>eod.</span> <span class='ocrx_word' id='word_1_310' title='bbox 433 2590 513 2621; x_wconf 84' lang='lat' dir='ltr'>male</span> <span class='ocrx_word' id='word_1_311' title='bbox 530 2588 617 2621; x_wconf 82' lang='lat' dir='ltr'>addit</span> <span class='ocrx_word' id='word_1_312' title='bbox 637 2599 693 2633; x_wconf 83' lang='lat' dir='ltr'>per</span> <span class='ocrx_word' id='word_1_313' title='bbox 711 2587 953 2620; x_wconf 75' lang='lat' dir='ltr'>redundantiam</span> <span class='ocrx_word' id='word_1_314' title='bbox 975 2588 1118 2619; x_wconf 71' lang='lat' dir='ltr'>alterius.</span> 
     </span>
    </p>
   </div>
  </div>
 </body>
</html>
