1885 3284
404 271 492 330 154
806 291 841 321 s,
884 289 1127 322 meus-nm
1162 286 1364 323 EPISCOPI

394 355 549 401 terium
568 393 578 410 ‚
601 356 679 402 ubi
691 356 869 420 pretiosi
888 357 1054 421 lapides
1070 356 1319 420 poliuntur,
1341 369 1556 422 quatenus
1572 361 1618 408 in
1631 373 1772 409 struc-

395 435 490 471 tura
513 427 664 490 templi
689 427 975 491 postmodum
1004 429 1095 473 sine
1131 427 1221 474 ullo
1247 429 1448 476 cudentis
1468 431 1609 478 mallei
1629 433 1774 479 sonitu

396 495 702 559 disponantur*

461 568 512 613 V.
555 567 729 618 Ocella.
744 569 990 614 Dominicae
1006 568 1245 631 sepulturae
1257 571 1579 634 propemodum
1598 573 1773 630 aemula,

396 654 497 700 quae
517 637 560 683 in
579 649 762 702 peccato
786 649 982 684 mortuos
1010 639 1194 702 suscipis
1213 677 1222 695 ‚
1252 650 1292 685 et
1317 657 1396 703 per
1418 641 1609 687 afflatum
1635 644 1773 688 sancti

396 708 585 771 Spiritus
611 709 698 754 Deo
717 709 969 755 reviviscere
993 710 1121 755 facis!
1155 712 1223 756 Tu
1247 728 1289 756 es
1316 711 1372 756 ab
1397 711 1530 771 hujus
1552 713 1654 759 vitae
1676 723 1773 760 tur-

394 779 500 825 bida
525 780 745 825 vexatione
764 780 1015 843 sepulcrum
1039 818 1049 836 ‚
1075 781 1148 826 sed
1173 781 1361 828 coelestis
1392 781 1493 828 vitae
1519 783 1674 846 pandis
1701 784 1773 829 in-

394 858 590 896 tro'ituni.
624 848 685 896 Te
717 862 893 914 portum
920 852 1251 914 tranquillitatis
1271 853 1529 908 inveniunt,
1557 853 1636 916 qui
1661 870 1774 899 nau-

391 920 577 980 fragium
597 921 805 967 mundani
822 923 984 967 fluctus
999 922 1278 969 evadunt.Te
1290 923 1477 985 potentis
1496 923 1775 970 medicicon-

394 991 559 1036 clavem
581 991 839 1047 decernunt,
864 993 940 1056 qui
958 992 1171 1038 vulnerati
1199 994 1239 1038 in
1256 993 1410 1056 praelio
1430 993 1608 1039 hostiles
1622 1011 1776 1040 manus

394 1063 622 1122 effugiunt.
674 1065 768 1109 Mox
802 1065 917 1109 enim
956 1075 1004 1109 ut
1056 1065 1117 1109 tui
1143 1064 1349 1110 culminis
1382 1065 1552 1110 umbrae
1585 1065 1778 1128 perfecto

394 1133 527 1180 corde
553 1135 885 1198 succeditur(1)
903 1173 913 1187 ‚
940 1137 1080 1182 omnis
1102 1138 1309 1182 sauciatae
1322 1137 1620 1191 animaelivor‚
1638 1137 1777 1184 omnis

394 1215 510 1250 certe
531 1206 747 1251 interioris
771 1206 963 1251 hominis
998 1207 1128 1269 plaga
1159 1218 1353 1253 curatur.
1381 1209 1441 1252 Te
1478 1207 1685 1252 Jeremias
1708 1224 1776 1252 as—

395 1288 568 1339 pexerat
585 1313 595 1332 ‚
620 1294 721 1322 cum
749 1277 926 1322 dicebat
952 1295 961 1322 ε
987 1300 1006 1317 «
1027 1280 1201 1323 Bonum
1225 1288 1291 1323 est
1312 1314 1321 1332 ‚
1350 1278 1511 1341 inquit,
1535 1277 1776 1341 praestolari

395 1368 411 1387 n
428 1361 529 1391 cum
555 1346 724 1392 silentio
746 1347 932 1392 salutare
948 1348 1125 1393 Domini
1143 1368 1152 1399 ς
1176 1349 1343 1392 bonum
1361 1359 1423 1392 est
1442 1348 1538 1393 viro
1558 1364 1657 1393 cuni
1675 1365 1779 1412 por-

396 1440 410 1457 »
428 1417 583 1461 taverit
599 1420 756 1477 jugum
783 1418 837 1463 ab
864 1417 1151 1463 adolescentia
1172 1435 1247 1463 sua
1266 1438 1277 1470 ;
1310 1418 1478 1463 sedebit
1497 1417 1714 1463 solitarius
1737 1428 1779 1464 et

397 1511 409 1526 ι»
426 1487 612 1542 tacebit,
637 1489 740 1551 quia
761 1489 921 1533 levavit
956 1506 997 1533 se
1031 1505 1163 1551 super
1198 1488 1286 1534 se1.
1314 1509 1333 1528 >³
1360 1488 1596 1533 Habitator
1619 1489 1776 1534 etenim

395 1568 494 1602 tuus
522 1574 564 1601 se
589 1557 725 1603 elevat
753 1576 883 1622 super
904 1576 946 1604 se
965 1596 974 1613 ‚
1002 1559 1103 1622 quia
1125 1558 1230 1603 dum
1259 1560 1448 1603 esuriens
1473 1559 1616 1604 anima
1642 1577 1664 1604 a
1688 1570 1778 1604 ter-

394 1645 594 1673 renarum
620 1646 661 1673 se
686 1646 829 1675 rerum
858 1630 1091 1675 obtutibus
1115 1629 1242 1689 erigit
1258 1667 1267 1679 ,
1300 1640 1341 1675 et
1360 1629 1406 1674 in
1431 1629 1594 1675 divinae
1614 1646 1656 1675 se
1676 1647 1779 1675 con-

394 1698 691 1762 templationis
715 1718 810 1746 arce
829 1699 1082 1763 suspendit,
1122 1718 1145 1745 a
1173 1700 1327 1745 mundi
1360 1717 1402 1745 se
1438 1700 1688 1746 actionibus
1715 1717 1778 1745 se-

395 1780 561 1830 gregat.
588 1781 719 1833 atque
737 1789 779 1817 se
798 1773 842 1817 in
862 1771 1000 1816 altum
1016 1771 1205 1816 coelestis
1224 1770 1424 1816 desiderii
1449 1771 1604 1834 pennis
1624 1771 1770 1817 librat.

398 1842 510 1886 Cum
537 1840 662 1886 illum
687 1843 762 1905 qui
783 1853 846 1887 est
873 1859 1004 1905 super
1024 1843 1170 1887 omnia
1200 1841 1459 1904 conspicere
1490 1842 1674 1901 satagit,
1706 1859 1775 1887 se-

398 1912 630 1975 metipsum
660 1930 838 1977 quoque
876 1914 1010 1958 homo
1049 1929 1151 1958 cum
1182 1913 1348 1977 reliqua
1380 1912 1617 1958 mundanae
1653 1912 1778 1959 vallis

397 1983 637 2043 dejectione
658 1985 940 2031 transcendit.

462 2054 536 2100 Vl.
576 2055 615 2099 O
640 2055 749 2101 cella
766 2094 776 2111 ,
796 2055 1024 2120 spirituale
1048 2072 1226 2118 prorsus
1248 2055 1558 2101 habitaculum
1575 2093 1586 2111 ,
1604 2072 1704 2118 quae
1725 2056 1779 2102 de

397 2125 597 2188 superbis
614 2125 803 2171 humiles
822 2165 833 2183 7
853 2127 907 2172 de
931 2126 1090 2186 gulosis
1109 2126 1278 2171 sobrios
1292 2164 1302 2176 ,
1326 2126 1378 2171 de
1399 2125 1653 2172 crudelibus
1667 2127 1777 2189 pios,

397 2195 451 2241 de
473 2195 696 2241 iracundis
718 2197 842 2243 mites
856 2235 865 2253 ‚
887 2197 941 2242 (le
955 2197 1113 2243 odiosis
1128 2197 1273 2242 reddis
1294 2198 1339 2243 in
1359 2213 1547 2260 superna
1563 2197 1779 2244 charitate

397 2265 639 2312 ferventes!
671 2267 739 2313 Tu
762 2268 911 2313 otiosae
936 2268 1098 2327 linguze¹
1118 2267 1289 2313 frenum
1310 2306 1320 2323 ‚
1346 2279 1392 2313 tu
1416 2267 1650 2313 luxuriosis
1670 2269 1778 2313 reni-

397 2336 480 2382 bus
499 2336 652 2382 nitidae
673 2339 883 2384 castitatis
906 2338 1091 2384 adhibes
1111 2339 1353 2398 cingulum.
1382 2340 1450 2383 Tu
1470 2338 1578 2383 facis
1606 2338 1778 2384 utleves

396 2407 564 2470 quique
583 2407 637 2453 ad
659 2410 917 2468 gravitatem
942 2410 1150 2465 redeant,
1188 2421 1236 2455 ut
1259 2410 1400 2469 jocosi
1438 2408 1778 2455 scurrilitatibus

396 2488 583 2541 parcant
606 2515 616 2532 ‚
657 2490 705 2524 ut
743 2480 971 2545 vaniloqui
993 2498 1035 2527 se
1058 2481 1141 2527 sub
1164 2480 1363 2527 districta
1402 2479 1560 2526 silentii
1599 2497 1778 2526 censura

444 2573 454 2595 ¹
470 2572 594 2606 Thi-en.
615 2585 666 2612 m,
684 2576 803 2608 26-28.

440 2637 489 2681 (ι)
506 2637 588 2673 Cod.
606 2640 832 2678 succenditur,
