<?xml version="1.0" encoding="UTF-8"?>
<!DOCTYPE html PUBLIC "-//W3C//DTD XHTML 1.0 Transitional//EN"
    "http://www.w3.org/TR/xhtml1/DTD/xhtml1-transitional.dtd">
<html xmlns="http://www.w3.org/1999/xhtml" xml:lang="en" lang="en">
 <head>
  <title>
</title>
<meta http-equiv="Content-Type" content="text/html;charset=utf-8" />
  <meta name='ocr-system' content='tesseract 3.04.00' />
  <meta name='ocr-capabilities' content='ocr_page ocr_carea ocr_par ocr_line ocrx_word'/>
</head>
<body>
  <div class='ocr_page' id='page_1' title='image "./p2operaomniaaccu24auguuoft_0248.png"; bbox 0 0 1885 3284; ppageno 0'>
   <div class='ocr_carea' id='block_1_1' title="bbox 402 297 1505 348">
    <p class='ocr_par' dir='ltr' id='par_1_1' title="bbox 402 297 1505 348">
     <span class='ocr_line' id='line_1_1' title="bbox 402 297 1505 348; baseline 0.005 -6"><span class='ocrx_word' id='word_1_1' title='bbox 402 297 493 345; x_wconf 72' lang='lat'>238</span> <span class='ocrx_word' id='word_1_2' title='bbox 667 313 701 345; x_wconf 79' lang='lat' dir='ltr'>s,</span> <span class='ocrx_word' id='word_1_3' title='bbox 746 313 992 345; x_wconf 74' lang='lat' dir='ltr'>Auensnm</span> <span class='ocrx_word' id='word_1_4' title='bbox 1028 314 1233 345; x_wconf 73' lang='lat' dir='ltr'>EPISCOP1</span> <span class='ocrx_word' id='word_1_5' title='bbox 1272 314 1505 348; x_wconf 65' lang='lat' dir='ltr'>Arrssmmx.</span> 
     </span>
    </p>
   </div>
   <div class='ocr_carea' id='block_1_2' title="bbox 365 380 1769 2336">
    <p class='ocr_par' dir='ltr' id='par_1_2' title="bbox 377 380 1769 1535">
     <span class='ocr_line' id='line_1_2' title="bbox 402 380 1768 428; baseline 0.004 -7"><span class='ocrx_word' id='word_1_6' title='bbox 402 381 536 423; x_wconf 88' lang='lat' dir='ltr'>omnis</span> <span class='ocrx_word' id='word_1_7' title='bbox 560 380 713 423; x_wconf 81' lang='lat' dir='ltr'>Christi</span> <span class='ocrx_word' id='word_1_8' title='bbox 736 382 844 424; x_wconf 87' lang='lat' dir='ltr'>actio</span> <span class='ocrx_word' id='word_1_9' title='bbox 865 414 874 428; x_wconf 85' lang='lat'><strong>,</strong></span> <span class='ocrx_word' id='word_1_10' title='bbox 903 390 1043 423; x_wconf 89' lang='lat' dir='ltr'>nostra</span> <span class='ocrx_word' id='word_1_11' title='bbox 1065 389 1127 424; x_wconf 84' lang='lat' dir='ltr'>est</span> <span class='ocrx_word' id='word_1_12' title='bbox 1146 382 1376 424; x_wconf 73' lang='lat' dir='ltr'>instructio.</span> <span class='ocrx_word' id='word_1_13' title='bbox 1409 383 1512 425; x_wconf 83' lang='lat' dir='ltr'>Nam</span> <span class='ocrx_word' id='word_1_14' title='bbox 1536 385 1624 425; x_wconf 88' lang='lat' dir='ltr'>solo</span> <span class='ocrx_word' id='word_1_15' title='bbox 1643 386 1768 428; x_wconf 81' lang='lat' dir='ltr'>verbo</span> 
     </span>
     <span class='ocr_line' id='line_1_3' title="bbox 401 445 1769 504; baseline 0.004 -18"><span class='ocrx_word' id='word_1_16' title='bbox 401 454 567 504; x_wconf 83' lang='lat' dir='ltr'>poterat</span> <span class='ocrx_word' id='word_1_17' title='bbox 589 461 632 487; x_wconf 88' lang='lat' dir='ltr'>se</span> <span class='ocrx_word' id='word_1_18' title='bbox 658 445 814 502; x_wconf 87' lang='lat' dir='ltr'>juvare.</span> <span class='ocrx_word' id='word_1_19' title='bbox 843 446 1058 503; x_wconf 81' lang='lat' dir='ltr'>Numquid</span> <span class='ocrx_word' id='word_1_20' title='bbox 1080 456 1122 488; x_wconf 84' lang='lat' dir='ltr'>et</span> <span class='ocrx_word' id='word_1_21' title='bbox 1144 447 1220 504; x_wconf 83' lang='lat' dir='ltr'>ipsi</span> <span class='ocrx_word' id='word_1_22' title='bbox 1241 446 1377 490; x_wconf 83' lang='lat' dir='ltr'>Judaei</span> <span class='ocrx_word' id='word_1_23' title='bbox 1400 463 1483 489; x_wconf 87' lang='lat' dir='ltr'>non</span> <span class='ocrx_word' id='word_1_24' title='bbox 1514 451 1569 504; x_wconf 83' lang='grc' dir='ltr'>(ι)</span> <span class='ocrx_word' id='word_1_25' title='bbox 1609 450 1769 492; x_wconf 80' lang='lat' dir='ltr'>cecide-</span> 
     </span>
     <span class='ocr_line' id='line_1_4' title="bbox 393 511 1769 571; baseline 0.004 -19"><span class='ocrx_word' id='word_1_26' title='bbox 393 519 492 552; x_wconf 88' lang='lat' dir='ltr'>runt</span> <span class='ocrx_word' id='word_1_27' title='bbox 516 511 775 552; x_wconf 80' lang='lat' dir='ltr'>retrorsum?</span> <span class='ocrx_word' id='word_1_28' title='bbox 796 511 937 554; x_wconf 84' lang='lat' dir='ltr'>Noluit</span> <span class='ocrx_word' id='word_1_29' title='bbox 956 512 1067 552; x_wconf 86' lang='lat' dir='ltr'>enim</span> <span class='ocrx_word' id='word_1_30' title='bbox 1082 526 1125 553; x_wconf 88' lang='lat' dir='ltr'>se</span> <span class='ocrx_word' id='word_1_31' title='bbox 1147 511 1310 568; x_wconf 89' lang='lat' dir='ltr'>juvare,</span> <span class='ocrx_word' id='word_1_32' title='bbox 1334 527 1408 553; x_wconf 86' lang='lat' dir='ltr'>nos</span> <span class='ocrx_word' id='word_1_33' title='bbox 1428 514 1582 555; x_wconf 86' lang='lat' dir='ltr'>docens</span> <span class='ocrx_word' id='word_1_34' title='bbox 1603 516 1769 571; x_wconf 83' lang='lat' dir='ltr'>pcrhoc</span> 
     </span>
     <span class='ocr_line' id='line_1_5' title="bbox 393 576 1768 636; baseline 0.004 -19"><span class='ocrx_word' id='word_1_35' title='bbox 393 584 522 617; x_wconf 90' lang='lat' dir='ltr'>utnos</span> <span class='ocrx_word' id='word_1_36' title='bbox 535 576 644 618; x_wconf 88' lang='lat' dir='ltr'>circa</span> <span class='ocrx_word' id='word_1_37' title='bbox 665 576 920 618; x_wconf 87' lang='lat' dir='ltr'>adversarios</span> <span class='ocrx_word' id='word_1_38' title='bbox 938 586 1103 619; x_wconf 88' lang='lat' dir='ltr'>nostros</span> <span class='ocrx_word' id='word_1_39' title='bbox 1117 578 1377 619; x_wconf 80' lang='lat' dir='ltr'>iracundiam</span> <span class='ocrx_word' id='word_1_40' title='bbox 1392 586 1673 636; x_wconf 79' lang='lat' dir='ltr'>temperemus</span> <span class='ocrx_word' id='word_1_41' title='bbox 1694 583 1768 634; x_wconf 80' lang='lat'>(2),</span> 
     </span>
     <span class='ocr_line' id='line_1_6' title="bbox 391 642 1767 699; baseline 0.004 -17"><span class='ocrx_word' id='word_1_42' title='bbox 391 649 600 682; x_wconf 86' lang='lat' dir='ltr'>eteorum</span> <span class='ocrx_word' id='word_1_43' title='bbox 626 642 732 683; x_wconf 88' lang='lat' dir='ltr'>mala</span> <span class='ocrx_word' id='word_1_44' title='bbox 771 642 987 683; x_wconf 82' lang='lat' dir='ltr'>doleamus</span> <span class='ocrx_word' id='word_1_45' title='bbox 1011 650 1056 683; x_wconf 89' lang='lat' dir='ltr'>ut</span> <span class='ocrx_word' id='word_1_46' title='bbox 1079 643 1260 699; x_wconf 85' lang='lat' dir='ltr'>propria.</span> <span class='ocrx_word' id='word_1_47' title='bbox 1292 643 1354 683; x_wconf 90' lang='lat' dir='ltr'>Illi</span> <span class='ocrx_word' id='word_1_48' title='bbox 1378 643 1491 685; x_wconf 85' lang='lat' dir='ltr'>enim</span> <span class='ocrx_word' id='word_1_49' title='bbox 1522 660 1620 687; x_wconf 92' lang='lat' dir='ltr'>vere</span> <span class='ocrx_word' id='word_1_50' title='bbox 1659 647 1767 688; x_wconf 86' lang='lat' dir='ltr'>mala</span> 
     </span>
     <span class='ocr_line' id='line_1_7' title="bbox 388 706 1765 768; baseline 0.005 -22"><span class='ocrx_word' id='word_1_51' title='bbox 388 706 621 762; x_wconf 86' lang='lat' dir='ltr'>patiuntur,</span> <span class='ocrx_word' id='word_1_52' title='bbox 645 706 717 763; x_wconf 89' lang='lat' dir='ltr'>qui</span> <span class='ocrx_word' id='word_1_53' title='bbox 740 706 914 748; x_wconf 81' lang='lat' dir='ltr'>nobisin</span> <span class='ocrx_word' id='word_1_54' title='bbox 932 715 1072 749; x_wconf 87' lang='lat' dir='ltr'>mente</span> <span class='ocrx_word' id='word_1_55' title='bbox 1095 707 1347 750; x_wconf 85' lang='lat' dir='ltr'>insidiantur</span> <span class='ocrx_word' id='word_1_56' title='bbox 1371 709 1541 750; x_wconf 80' lang='lat' dir='ltr'>adversa</span> <span class='ocrx_word' id='word_1_57' title='bbox 1563 727 1571 757; x_wconf 86' lang='grc'><strong>;</strong></span> <span class='ocrx_word' id='word_1_58' title='bbox 1597 712 1669 752; x_wconf 85' lang='lat' dir='ltr'>sed</span> <span class='ocrx_word' id='word_1_59' title='bbox 1691 727 1765 768; x_wconf 90' lang='lat' dir='ltr'>pro</span> 
     </span>
     <span class='ocr_line' id='line_1_8' title="bbox 384 771 1765 820; baseline 0.005 -9"><span class='ocrx_word' id='word_1_60' title='bbox 384 771 465 813; x_wconf 91' lang='lat' dir='ltr'>illis</span> <span class='ocrx_word' id='word_1_61' title='bbox 491 771 672 814; x_wconf 83' lang='lat' dir='ltr'>divinam</span> <span class='ocrx_word' id='word_1_62' title='bbox 706 772 979 813; x_wconf 84' lang='lat' dir='ltr'>clementiam</span> <span class='ocrx_word' id='word_1_63' title='bbox 1003 787 1176 815; x_wconf 82' lang='lat' dir='ltr'>exorare</span> <span class='ocrx_word' id='word_1_64' title='bbox 1200 773 1405 814; x_wconf 82' lang='lat' dir='ltr'>debemus</span> <span class='ocrx_word' id='word_1_65' title='bbox 1428 806 1436 820; x_wconf 89' lang='lat'><em>‚</em></span> <span class='ocrx_word' id='word_1_66' title='bbox 1468 783 1514 815; x_wconf 91' lang='lat' dir='ltr'>ut</span> <span class='ocrx_word' id='word_1_67' title='bbox 1543 775 1670 817; x_wconf 87' lang='lat' dir='ltr'>simus</span> <span class='ocrx_word' id='word_1_68' title='bbox 1692 775 1765 818; x_wconf 90' lang='lat' dir='ltr'>filii</span> 
     </span>
     <span class='ocr_line' id='line_1_9' title="bbox 384 836 1762 895; baseline 0.003 -17"><span class='ocrx_word' id='word_1_69' title='bbox 384 837 512 893; x_wconf 87' lang='lat' dir='ltr'>patris</span> <span class='ocrx_word' id='word_1_70' title='bbox 546 836 646 879; x_wconf 87' lang='lat' dir='ltr'>Jesu</span> <span class='ocrx_word' id='word_1_71' title='bbox 673 837 843 879; x_wconf 84' lang='lat' dir='ltr'>Christi.</span> <span class='ocrx_word' id='word_1_72' title='bbox 877 838 1053 880; x_wconf 86' lang='lat' dir='ltr'>Assidua</span> <span class='ocrx_word' id='word_1_73' title='bbox 1078 838 1189 879; x_wconf 88' lang='lat' dir='ltr'>enim</span> <span class='ocrx_word' id='word_1_74' title='bbox 1217 839 1484 895; x_wconf 80' lang='lat' dir='ltr'>persuasione</span> <span class='ocrx_word' id='word_1_75' title='bbox 1504 840 1629 881; x_wconf 85' lang='lat' dir='ltr'>verba</span> <span class='ocrx_word' id='word_1_76' title='bbox 1648 856 1762 888; x_wconf 80' lang='lat' dir='ltr'>mea,</span> 
     </span>
     <span class='ocr_line' id='line_1_10' title="bbox 383 903 1760 959; baseline 0.005 -18"><span class='ocrx_word' id='word_1_77' title='bbox 383 916 539 958; x_wconf 81' lang='lat' dir='ltr'>quaeso,</span> <span class='ocrx_word' id='word_1_78' title='bbox 573 903 771 944; x_wconf 84' lang='lat' dir='ltr'>cordibus</span> <span class='ocrx_word' id='word_1_79' title='bbox 804 904 951 945; x_wconf 75' lang='lat' dir='ltr'>v‹›stris</span> <span class='ocrx_word' id='word_1_80' title='bbox 975 903 1206 945; x_wconf 83' lang='lat' dir='ltr'>inhaereant</span> <span class='ocrx_word' id='word_1_81' title='bbox 1244 904 1303 959; x_wconf 78' lang='grc'>(5)</span> <span class='ocrx_word' id='word_1_82' title='bbox 1329 935 1338 950; x_wconf 85' lang='grc'><strong>,</strong></span> <span class='ocrx_word' id='word_1_83' title='bbox 1366 912 1409 945; x_wconf 87' lang='lat' dir='ltr'>ut</span> <span class='ocrx_word' id='word_1_84' title='bbox 1443 904 1760 948; x_wconf 80' lang='lat' dir='ltr'>continuatione</span> 
     </span>
     <span class='ocr_line' id='line_1_11' title="bbox 386 967 1754 1027; baseline 0.002 -19"><span class='ocrx_word' id='word_1_85' title='bbox 386 967 589 1010; x_wconf 77' lang='lat' dir='ltr'>sermonis</span> <span class='ocrx_word' id='word_1_86' title='bbox 605 1001 613 1013; x_wconf 83' lang='lat'>.</span> <span class='ocrx_word' id='word_1_87' title='bbox 638 968 678 1008; x_wconf 85' lang='lat' dir='ltr'>iu</span> <span class='ocrx_word' id='word_1_88' title='bbox 698 968 943 1024; x_wconf 83' lang='lat' dir='ltr'>pectoribus</span> <span class='ocrx_word' id='word_1_89' title='bbox 968 968 1113 1010; x_wconf 78' lang='lat' dir='ltr'>vestris</span> <span class='ocrx_word' id='word_1_90' title='bbox 1139 969 1195 1009; x_wconf 90' lang='lat' dir='ltr'>ira</span> <span class='ocrx_word' id='word_1_91' title='bbox 1214 969 1377 1010; x_wconf 84' lang='lat' dir='ltr'>sublata</span> <span class='ocrx_word' id='word_1_92' title='bbox 1402 1002 1411 1012; x_wconf 82' lang='grc'><strong>.</strong></span> <span class='ocrx_word' id='word_1_93' title='bbox 1434 968 1550 1010; x_wconf 75' lang='lat' dir='ltr'>furor</span> <span class='ocrx_word' id='word_1_94' title='bbox 1569 971 1754 1027; x_wconf 73' lang='lat' dir='ltr'>benigni-</span> 
     </span>
     <span class='ocr_line' id='line_1_12' title="bbox 383 1033 1760 1091; baseline 0.003 -18"><span class='ocrx_word' id='word_1_95' title='bbox 383 1033 477 1074; x_wconf 81' lang='lat' dir='ltr'>tatis</span> <span class='ocrx_word' id='word_1_96' title='bbox 501 1035 557 1088; x_wconf 74' lang='grc'>(4)</span> <span class='ocrx_word' id='word_1_97' title='bbox 588 1035 774 1075; x_wconf 76' lang='lat' dir='ltr'>remedio</span> <span class='ocrx_word' id='word_1_98' title='bbox 812 1043 1085 1091; x_wconf 80' lang='lat' dir='ltr'>temperetur.</span> <span class='ocrx_word' id='word_1_99' title='bbox 1129 1033 1232 1076; x_wconf 83' lang='lat' dir='ltr'>Nam</span> <span class='ocrx_word' id='word_1_100' title='bbox 1258 1033 1449 1075; x_wconf 83' lang='lat' dir='ltr'>Christus</span> <span class='ocrx_word' id='word_1_101' title='bbox 1481 1050 1563 1075; x_wconf 91' lang='lat' dir='ltr'>non</span> <span class='ocrx_word' id='word_1_102' title='bbox 1601 1044 1760 1077; x_wconf 79' lang='lat' dir='ltr'>tantum</span> 
     </span>
     <span class='ocr_line' id='line_1_13' title="bbox 383 1099 1762 1147; baseline 0.002 -8"><span class='ocrx_word' id='word_1_103' title='bbox 383 1099 563 1140; x_wconf 88' lang='lat' dir='ltr'>inimicis</span> <span class='ocrx_word' id='word_1_104' title='bbox 584 1099 734 1140; x_wconf 73' lang='lat' dir='ltr'>nostris</span> <span class='ocrx_word' id='word_1_105' title='bbox 761 1100 974 1142; x_wconf 87' lang='lat' dir='ltr'>consuluit</span> <span class='ocrx_word' id='word_1_106' title='bbox 996 1132 1006 1147; x_wconf 94' lang='lat'><strong>,</strong></span> <span class='ocrx_word' id='word_1_107' title='bbox 1033 1100 1106 1140; x_wconf 86' lang='lat' dir='ltr'>sed</span> <span class='ocrx_word' id='word_1_108' title='bbox 1126 1108 1168 1140; x_wconf 83' lang='lat' dir='ltr'>et</span> <span class='ocrx_word' id='word_1_109' title='bbox 1191 1099 1310 1140; x_wconf 86' lang='lat' dir='ltr'>nobis</span> <span class='ocrx_word' id='word_1_110' title='bbox 1335 1099 1465 1141; x_wconf 86' lang='lat' dir='ltr'>voluit</span> <span class='ocrx_word' id='word_1_111' title='bbox 1486 1115 1574 1141; x_wconf 83' lang='lat' dir='ltr'>esse</span> <span class='ocrx_word' id='word_1_112' title='bbox 1597 1103 1762 1142; x_wconf 68' lang='lat' dir='ltr'>consul-</span> 
     </span>
     <span class='ocr_line' id='line_1_14' title="bbox 381 1164 1755 1222; baseline 0.002 -17"><span class='ocrx_word' id='word_1_113' title='bbox 381 1172 469 1206; x_wconf 90' lang='lat' dir='ltr'>tum</span> <span class='ocrx_word' id='word_1_114' title='bbox 485 1198 494 1213; x_wconf 94' lang='lat'>,</span> <span class='ocrx_word' id='word_1_115' title='bbox 515 1179 611 1206; x_wconf 87' lang='lat' dir='ltr'>cum</span> <span class='ocrx_word' id='word_1_116' title='bbox 636 1164 756 1220; x_wconf 85' lang='lat' dir='ltr'>jussit</span> <span class='ocrx_word' id='word_1_117' title='bbox 777 1174 821 1206; x_wconf 83' lang='lat' dir='ltr'>ut</span> <span class='ocrx_word' id='word_1_118' title='bbox 843 1167 904 1221; x_wconf 80' lang='grc'>(5)</span> <span class='ocrx_word' id='word_1_119' title='bbox 931 1166 1180 1207; x_wconf 81' lang='lat' dir='ltr'>adversariis</span> <span class='ocrx_word' id='word_1_120' title='bbox 1203 1166 1537 1222; x_wconf 78' lang='lat' dir='ltr'>nostrispeccata</span> <span class='ocrx_word' id='word_1_121' title='bbox 1559 1167 1755 1208; x_wconf 80' lang='lat' dir='ltr'>laxemus.</span> 
     </span>
     <span class='ocr_line' id='line_1_15' title="bbox 380 1229 1759 1284; baseline 0.002 -14"><span class='ocrx_word' id='word_1_122' title='bbox 380 1229 489 1271; x_wconf 85' lang='lat' dir='ltr'>Audi</span> <span class='ocrx_word' id='word_1_123' title='bbox 517 1230 609 1271; x_wconf 85' lang='lat' dir='ltr'>Heli</span> <span class='ocrx_word' id='word_1_124' title='bbox 631 1230 841 1271; x_wconf 77' lang='lat' dir='ltr'>dicentem</span> <span class='ocrx_word' id='word_1_125' title='bbox 867 1232 914 1271; x_wconf 87' lang='lat' dir='ltr'>ad</span> <span class='ocrx_word' id='word_1_126' title='bbox 943 1230 1049 1271; x_wconf 82' lang='lat' dir='ltr'>filios</span> <span class='ocrx_word' id='word_1_127' title='bbox 1068 1244 1165 1271; x_wconf 80' lang='lat' dir='ltr'>suos</span> <span class='ocrx_word' id='word_1_128' title='bbox 1188 1230 1282 1271; x_wconf 68' lang='lat' dir='ltr'>:ctssi</span> <span class='ocrx_word' id='word_1_129' title='bbox 1307 1231 1542 1284; x_wconf 75' lang='lat' dir='ltr'>peccaverit</span> <span class='ocrx_word' id='word_1_130' title='bbox 1571 1233 1694 1272; x_wconf 79' lang='lat' dir='ltr'>homo</span> <span class='ocrx_word' id='word_1_131' title='bbox 1719 1232 1759 1273; x_wconf 90' lang='lat' dir='ltr'>in</span> 
     </span>
     <span class='ocr_line' id='line_1_16' title="bbox 377 1295 1758 1352; baseline 0.004 -18"><span class='ocrx_word' id='word_1_132' title='bbox 377 1295 622 1337; x_wconf 79' lang='lat' dir='ltr'>»hominem</span> <span class='ocrx_word' id='word_1_133' title='bbox 647 1329 655 1342; x_wconf 94' lang='lat'>,</span> <span class='ocrx_word' id='word_1_134' title='bbox 681 1296 864 1337; x_wconf 87' lang='lat' dir='ltr'>orabunt</span> <span class='ocrx_word' id='word_1_135' title='bbox 901 1297 952 1337; x_wconf 88' lang='lat' dir='ltr'>ad</span> <span class='ocrx_word' id='word_1_136' title='bbox 982 1296 1209 1338; x_wconf 90' lang='lat' dir='ltr'>Dominum</span> <span class='ocrx_word' id='word_1_137' title='bbox 1233 1313 1241 1342; x_wconf 88' lang='lat'><strong>;</strong></span> <span class='ocrx_word' id='word_1_138' title='bbox 1268 1296 1299 1336; x_wconf 89' lang='lat' dir='ltr'>si</span> <span class='ocrx_word' id='word_1_139' title='bbox 1325 1311 1421 1337; x_wconf 88' lang='lat' dir='ltr'>vero</span> <span class='ocrx_word' id='word_1_140' title='bbox 1454 1298 1514 1352; x_wconf 87' lang='grc'>(6)</span> <span class='ocrx_word' id='word_1_141' title='bbox 1542 1298 1593 1337; x_wconf 89' lang='lat' dir='ltr'>ad</span> <span class='ocrx_word' id='word_1_142' title='bbox 1624 1297 1758 1339; x_wconf 89' lang='lat' dir='ltr'>Deum</span> 
     </span>
     <span class='ocr_line' id='line_1_17' title="bbox 378 1361 1759 1418; baseline 0.003 -18"><span class='ocrx_word' id='word_1_143' title='bbox 378 1379 393 1399; x_wconf 71' lang='lat' dir='ltr'><strong><em>n</em></strong></span> <span class='ocrx_word' id='word_1_144' title='bbox 408 1361 672 1418; x_wconf 86' lang='lat' dir='ltr'>peccaverit,</span> <span class='ocrx_word' id='word_1_145' title='bbox 693 1362 784 1417; x_wconf 87' lang='lat' dir='ltr'>quis</span> <span class='ocrx_word' id='word_1_146' title='bbox 809 1362 946 1403; x_wconf 85' lang='lat' dir='ltr'>orabit</span> <span class='ocrx_word' id='word_1_147' title='bbox 966 1377 1040 1418; x_wconf 91' lang='lat' dir='ltr'>pro</span> <span class='ocrx_word' id='word_1_148' title='bbox 1063 1377 1113 1402; x_wconf 89' lang='lat' dir='ltr'>eo</span> <span class='ocrx_word' id='word_1_149' title='bbox 1132 1361 1171 1402; x_wconf 68' lang='grc' dir='ltr'><em>Ῥ</em></span> <span class='ocrx_word' id='word_1_150' title='bbox 1190 1380 1205 1399; x_wconf 88' lang='grc'><em>»</em></span> <span class='ocrx_word' id='word_1_151' title='bbox 1226 1361 1450 1410; x_wconf 85' lang='lat' dir='ltr'>Dimittite,</span> <span class='ocrx_word' id='word_1_152' title='bbox 1475 1362 1640 1411; x_wconf 80' lang='lat' dir='ltr'>fratres,</span> <span class='ocrx_word' id='word_1_153' title='bbox 1662 1378 1759 1405; x_wconf 90' lang='lat' dir='ltr'>een-</span> 
     </span>
     <span class='ocr_line' id='line_1_18' title="bbox 380 1427 1757 1484; baseline 0.001 -15"><span class='ocrx_word' id='word_1_154' title='bbox 380 1436 471 1469; x_wconf 83' lang='lat' dir='ltr'>tum</span> <span class='ocrx_word' id='word_1_155' title='bbox 497 1427 692 1469; x_wconf 83' lang='lat' dir='ltr'>denarios</span> <span class='ocrx_word' id='word_1_156' title='bbox 714 1428 753 1468; x_wconf 95' lang='lat' dir='ltr'>in</span> <span class='ocrx_word' id='word_1_157' title='bbox 773 1427 985 1484; x_wconf 82' lang='lat' dir='ltr'>praesenti,</span> <span class='ocrx_word' id='word_1_158' title='bbox 1007 1437 1052 1469; x_wconf 86' lang='lat' dir='ltr'>ut</span> <span class='ocrx_word' id='word_1_159' title='bbox 1071 1428 1111 1469; x_wconf 93' lang='lat' dir='ltr'>in</span> <span class='ocrx_word' id='word_1_160' title='bbox 1132 1427 1273 1470; x_wconf 83' lang='lat' dir='ltr'>futuro</span> <span class='ocrx_word' id='word_1_161' title='bbox 1292 1428 1437 1470; x_wconf 81' lang='lat' dir='ltr'>decem</span> <span class='ocrx_word' id='word_1_162' title='bbox 1462 1427 1589 1469; x_wconf 84' lang='lat' dir='ltr'>millia</span> <span class='ocrx_word' id='word_1_163' title='bbox 1605 1430 1757 1471; x_wconf 83' lang='lat' dir='ltr'>talenta</span> 
     </span>
     <span class='ocr_line' id='line_1_19' title="bbox 380 1493 804 1535; baseline 0 -1"><span class='ocrx_word' id='word_1_164' title='bbox 380 1493 497 1534; x_wconf 89' lang='lat' dir='ltr'>vobis</span> <span class='ocrx_word' id='word_1_165' title='bbox 523 1493 804 1535; x_wconf 86' lang='lat' dir='ltr'>dimittantur.</span> 
     </span>
    </p>

    <p class='ocr_par' dir='ltr' id='par_1_3' title="bbox 365 1557 1756 2336">
     <span class='ocr_line' id='line_1_20' title="bbox 433 1557 1755 1614; baseline 0.002 -15"><span class='ocrx_word' id='word_1_166' title='bbox 433 1558 505 1601; x_wconf 92' lang='lat' dir='ltr'>Ill.</span> <span class='ocrx_word' id='word_1_167' title='bbox 542 1557 628 1599; x_wconf 78' lang='lat' dir='ltr'>Sed</span> <span class='ocrx_word' id='word_1_168' title='bbox 651 1573 763 1599; x_wconf 88' lang='lat' dir='ltr'>nune</span> <span class='ocrx_word' id='word_1_169' title='bbox 787 1592 797 1607; x_wconf 92' lang='lat'>‚</span> <span class='ocrx_word' id='word_1_170' title='bbox 826 1559 991 1606; x_wconf 79' lang='lat' dir='ltr'>fratres,</span> <span class='ocrx_word' id='word_1_171' title='bbox 1016 1558 1048 1599; x_wconf 95' lang='lat' dir='ltr'>si</span> <span class='ocrx_word' id='word_1_172' title='bbox 1073 1559 1210 1614; x_wconf 86' lang='lat' dir='ltr'>placet</span> <span class='ocrx_word' id='word_1_173' title='bbox 1231 1591 1240 1605; x_wconf 93' lang='lat'>,</span> <span class='ocrx_word' id='word_1_174' title='bbox 1269 1560 1320 1599; x_wconf 87' lang='lat' dir='ltr'>ad</span> <span class='ocrx_word' id='word_1_175' title='bbox 1342 1559 1577 1614; x_wconf 83' lang='lat' dir='ltr'>passionem</span> <span class='ocrx_word' id='word_1_176' title='bbox 1601 1558 1755 1601; x_wconf 86' lang='lat' dir='ltr'>Christi</span> 
     </span>
     <span class='ocr_line' id='line_1_21' title="bbox 375 1623 1756 1666; baseline 0.001 -2"><span class='ocrx_word' id='word_1_177' title='bbox 375 1623 613 1665; x_wconf 81' lang='lat' dir='ltr'>redeamus.</span> <span class='ocrx_word' id='word_1_178' title='bbox 639 1624 742 1664; x_wconf 88' lang='lat' dir='ltr'>Nam</span> <span class='ocrx_word' id='word_1_179' title='bbox 767 1637 864 1663; x_wconf 85' lang='lat' dir='ltr'>cum</span> <span class='ocrx_word' id='word_1_180' title='bbox 888 1623 1093 1664; x_wconf 87' lang='lat' dir='ltr'>Dominus</span> <span class='ocrx_word' id='word_1_181' title='bbox 1117 1623 1158 1664; x_wconf 92' lang='lat' dir='ltr'>in</span> <span class='ocrx_word' id='word_1_182' title='bbox 1187 1624 1313 1664; x_wconf 83' lang='lat' dir='ltr'>domo</span> <span class='ocrx_word' id='word_1_183' title='bbox 1337 1623 1516 1665; x_wconf 84' lang='lat' dir='ltr'>Simonis</span> <span class='ocrx_word' id='word_1_184' title='bbox 1542 1624 1756 1666; x_wconf 86' lang='lat' dir='ltr'>recumbe-</span> 
     </span>
     <span class='ocr_line' id='line_1_22' title="bbox 373 1688 1754 1746; baseline -0.001 -15"><span class='ocrx_word' id='word_1_185' title='bbox 373 1698 439 1731; x_wconf 81' lang='lat' dir='ltr'>ret</span> <span class='ocrx_word' id='word_1_186' title='bbox 459 1721 468 1736; x_wconf 89' lang='lat'><strong>,</strong></span> <span class='ocrx_word' id='word_1_187' title='bbox 494 1689 564 1745; x_wconf 84' lang='lat' dir='ltr'>qui</span> <span class='ocrx_word' id='word_1_188' title='bbox 588 1689 706 1729; x_wconf 86' lang='lat' dir='ltr'>annis</span> <span class='ocrx_word' id='word_1_189' title='bbox 727 1688 895 1745; x_wconf 78' lang='lat' dir='ltr'>triginta</span> <span class='ocrx_word' id='word_1_190' title='bbox 915 1689 1047 1730; x_wconf 88' lang='lat' dir='ltr'>tribus</span> <span class='ocrx_word' id='word_1_191' title='bbox 1070 1690 1260 1746; x_wconf 88' lang='lat' dir='ltr'>leprosus</span> <span class='ocrx_word' id='word_1_192' title='bbox 1287 1688 1423 1730; x_wconf 83' lang='lat' dir='ltr'>suerat</span> <span class='ocrx_word' id='word_1_193' title='bbox 1443 1722 1452 1737; x_wconf 91' lang='lat'>‚</span> <span class='ocrx_word' id='word_1_194' title='bbox 1488 1689 1662 1730; x_wconf 84' lang='lat' dir='ltr'>accessit</span> <span class='ocrx_word' id='word_1_195' title='bbox 1687 1689 1754 1730; x_wconf 85' lang='lat' dir='ltr'>illa</span> 
     </span>
     <span class='ocr_line' id='line_1_23' title="bbox 374 1753 1749 1810; baseline -0.001 -13"><span class='ocrx_word' id='word_1_196' title='bbox 374 1755 575 1797; x_wconf 81' lang='lat' dir='ltr'>meretrix</span> <span class='ocrx_word' id='word_1_197' title='bbox 597 1754 731 1796; x_wconf 81' lang='lat' dir='ltr'>Maria</span> <span class='ocrx_word' id='word_1_198' title='bbox 753 1787 762 1801; x_wconf 89' lang='lat'>,</span> <span class='ocrx_word' id='word_1_199' title='bbox 789 1769 906 1795; x_wconf 89' lang='lat' dir='ltr'>soror</span> <span class='ocrx_word' id='word_1_200' title='bbox 935 1755 1079 1797; x_wconf 85' lang='lat' dir='ltr'>Lazari</span> <span class='ocrx_word' id='word_1_201' title='bbox 1102 1787 1111 1803; x_wconf 94' lang='lat'><strong><em>,</em></strong></span> <span class='ocrx_word' id='word_1_202' title='bbox 1138 1769 1228 1810; x_wconf 84' lang='lat' dir='ltr'>quae</span> <span class='ocrx_word' id='word_1_203' title='bbox 1264 1754 1361 1795; x_wconf 87' lang='lat' dir='ltr'>licet</span> <span class='ocrx_word' id='word_1_204' title='bbox 1387 1753 1588 1795; x_wconf 85' lang='lat' dir='ltr'>ditissima</span> <span class='ocrx_word' id='word_1_205' title='bbox 1613 1763 1719 1795; x_wconf 84' lang='lat' dir='ltr'>esset</span> <span class='ocrx_word' id='word_1_206' title='bbox 1740 1788 1749 1802; x_wconf 95' lang='lat'>,</span> 
     </span>
     <span class='ocr_line' id='line_1_24' title="bbox 372 1819 1752 1876; baseline 0 -15"><span class='ocrx_word' id='word_1_207' title='bbox 372 1829 461 1862; x_wconf 86' lang='lat' dir='ltr'>erat</span> <span class='ocrx_word' id='word_1_208' title='bbox 482 1829 619 1862; x_wconf 86' lang='lat' dir='ltr'>tamen</span> <span class='ocrx_word' id='word_1_209' title='bbox 646 1820 687 1860; x_wconf 88' lang='lat' dir='ltr'>iu</span> <span class='ocrx_word' id='word_1_210' title='bbox 715 1820 884 1861; x_wconf 83' lang='lat' dir='ltr'>civitate</span> <span class='ocrx_word' id='word_1_211' title='bbox 908 1820 1122 1876; x_wconf 76' lang='lat' dir='ltr'>peccatrix</span> <span class='ocrx_word' id='word_1_212' title='bbox 1144 1852 1153 1866; x_wconf 88' lang='lat'><em>,</em></span> <span class='ocrx_word' id='word_1_213' title='bbox 1193 1820 1232 1860; x_wconf 91' lang='lat' dir='ltr'>in</span> <span class='ocrx_word' id='word_1_214' title='bbox 1255 1828 1415 1860; x_wconf 87' lang='lat' dir='ltr'>tantum</span> <span class='ocrx_word' id='word_1_215' title='bbox 1450 1819 1563 1873; x_wconf 82' lang='lat' dir='ltr'>quod</span> <span class='ocrx_word' id='word_1_216' title='bbox 1586 1820 1752 1875; x_wconf 90' lang='lat' dir='ltr'>publice</span> 
     </span>
     <span class='ocr_line' id='line_1_25' title="bbox 371 1884 1751 1943; baseline -0.002 -16"><span class='ocrx_word' id='word_1_217' title='bbox 371 1886 593 1943; x_wconf 77' lang='lat' dir='ltr'>prostituta</span> <span class='ocrx_word' id='word_1_218' title='bbox 617 1919 626 1932; x_wconf 92' lang='lat'><em>,</em></span> <span class='ocrx_word' id='word_1_219' title='bbox 651 1885 721 1926; x_wconf 86' lang='lat' dir='ltr'>vili</span> <span class='ocrx_word' id='word_1_220' title='bbox 759 1893 956 1926; x_wconf 89' lang='lat' dir='ltr'>contenta</span> <span class='ocrx_word' id='word_1_221' title='bbox 978 1885 1181 1926; x_wconf 88' lang='lat' dir='ltr'>nobilium</span> <span class='ocrx_word' id='word_1_222' title='bbox 1212 1885 1347 1940; x_wconf 89' lang='lat' dir='ltr'>pretio</span> <span class='ocrx_word' id='word_1_223' title='bbox 1369 1917 1378 1932; x_wconf 81' lang='lat'><em>‚</em></span> <span class='ocrx_word' id='word_1_224' title='bbox 1406 1884 1543 1925; x_wconf 85' lang='lat' dir='ltr'>mollia</span> <span class='ocrx_word' id='word_1_225' title='bbox 1569 1884 1631 1924; x_wconf 76' lang='lat' dir='ltr'>sui</span> <span class='ocrx_word' id='word_1_226' title='bbox 1654 1899 1751 1925; x_wconf 89' lang='lat' dir='ltr'>cor-</span> 
     </span>
     <span class='ocr_line' id='line_1_26' title="bbox 367 1949 1745 2008; baseline -0.002 -15"><span class='ocrx_word' id='word_1_227' title='bbox 367 1952 481 2008; x_wconf 81' lang='lat' dir='ltr'>poris</span> <span class='ocrx_word' id='word_1_228' title='bbox 502 1959 718 2008; x_wconf 83' lang='lat' dir='ltr'>pateretur</span> <span class='ocrx_word' id='word_1_229' title='bbox 744 1949 819 2006; x_wconf 81' lang='grc'>(7).</span> <span class='ocrx_word' id='word_1_230' title='bbox 851 1950 1057 1991; x_wconf 87' lang='lat' dir='ltr'>Dilaniata</span> <span class='ocrx_word' id='word_1_231' title='bbox 1079 1950 1235 2006; x_wconf 86' lang='lat' dir='ltr'>quippe</span> <span class='ocrx_word' id='word_1_232' title='bbox 1259 1957 1348 1990; x_wconf 88' lang='lat' dir='ltr'>erat</span> <span class='ocrx_word' id='word_1_233' title='bbox 1366 1982 1375 1997; x_wconf 93' lang='lat'>‚</span> <span class='ocrx_word' id='word_1_234' title='bbox 1404 1949 1478 1990; x_wconf 85' lang='lat' dir='ltr'>sed</span> <span class='ocrx_word' id='word_1_235' title='bbox 1495 1949 1666 1990; x_wconf 84' lang='lat' dir='ltr'>minime</span> <span class='ocrx_word' id='word_1_236' title='bbox 1685 1965 1745 1990; x_wconf 86' lang='lat' dir='ltr'>sa·</span> 
     </span>
     <span class='ocr_line' id='line_1_27' title="bbox 369 2015 1749 2073; baseline -0.002 -15"><span class='ocrx_word' id='word_1_237' title='bbox 369 2017 499 2065; x_wconf 87' lang='lat' dir='ltr'>tiata;</span> <span class='ocrx_word' id='word_1_238' title='bbox 531 2016 702 2073; x_wconf 76' lang='lat' dir='ltr'>prodiga</span> <span class='ocrx_word' id='word_1_239' title='bbox 727 2025 838 2060; x_wconf 89' lang='lat' dir='ltr'>erat.</span> <span class='ocrx_word' id='word_1_240' title='bbox 879 2016 974 2071; x_wconf 89' lang='lat' dir='ltr'>quia</span> <span class='ocrx_word' id='word_1_241' title='bbox 999 2016 1032 2056; x_wconf 88' lang='lat' dir='ltr'>si</span> <span class='ocrx_word' id='word_1_242' title='bbox 1055 2015 1284 2071; x_wconf 85' lang='lat' dir='ltr'>recipiebat</span> <span class='ocrx_word' id='word_1_243' title='bbox 1311 2047 1319 2063; x_wconf 83' lang='grc'><strong><em>,</em></strong></span> <span class='ocrx_word' id='word_1_244' title='bbox 1362 2016 1484 2070; x_wconf 81' lang='lat' dir='ltr'>longe</span> <span class='ocrx_word' id='word_1_245' title='bbox 1511 2015 1603 2071; x_wconf 79' lang='lat' dir='ltr'>plus</span> <span class='ocrx_word' id='word_1_246' title='bbox 1627 2015 1749 2056; x_wconf 84' lang='lat' dir='ltr'>retri-</span> 
     </span>
     <span class='ocr_line' id='line_1_28' title="bbox 368 2079 1747 2137; baseline -0.004 -12"><span class='ocrx_word' id='word_1_247' title='bbox 368 2082 539 2125; x_wconf 85' lang='lat' dir='ltr'>buebat.</span> <span class='ocrx_word' id='word_1_248' title='bbox 564 2081 869 2137; x_wconf 79' lang='lat' dir='ltr'>Accessitergo</span> <span class='ocrx_word' id='word_1_249' title='bbox 889 2082 979 2122; x_wconf 77' lang='lat' dir='ltr'>haec</span> <span class='ocrx_word' id='word_1_250' title='bbox 1004 2081 1219 2128; x_wconf 82' lang='lat' dir='ltr'>meretrix,</span> <span class='ocrx_word' id='word_1_251' title='bbox 1242 2081 1495 2122; x_wconf 86' lang='lat' dir='ltr'>alabastrum</span> <span class='ocrx_word' id='word_1_252' title='bbox 1519 2079 1576 2133; x_wconf 83' lang='grc'>(8)</span> <span class='ocrx_word' id='word_1_253' title='bbox 1598 2080 1747 2121; x_wconf 75' lang='lat' dir='ltr'>in‘ma-</span> 
     </span>
     <span class='ocr_line' id='line_1_29' title="bbox 367 2144 1745 2205; baseline -0.003 -15"><span class='ocrx_word' id='word_1_254' title='bbox 367 2148 490 2190; x_wconf 90' lang='lat' dir='ltr'>nibus</span> <span class='ocrx_word' id='word_1_255' title='bbox 526 2156 696 2205; x_wconf 83' lang='lat' dir='ltr'>portans</span> <span class='ocrx_word' id='word_1_256' title='bbox 713 2179 722 2194; x_wconf 90' lang='lat'>,</span> <span class='ocrx_word' id='word_1_257' title='bbox 765 2155 806 2187; x_wconf 84' lang='lat' dir='ltr'>ct</span> <span class='ocrx_word' id='word_1_258' title='bbox 847 2154 997 2203; x_wconf 88' lang='lat' dir='ltr'>caput,</span> <span class='ocrx_word' id='word_1_259' title='bbox 1041 2151 1264 2203; x_wconf 80' lang='lat' dir='ltr'>postquam</span> <span class='ocrx_word' id='word_1_260' title='bbox 1300 2146 1350 2187; x_wconf 85' lang='lat' dir='ltr'>ad</span> <span class='ocrx_word' id='word_1_261' title='bbox 1378 2146 1505 2201; x_wconf 85' lang='lat' dir='ltr'>pedes</span> <span class='ocrx_word' id='word_1_262' title='bbox 1539 2144 1714 2186; x_wconf 84' lang='lat' dir='ltr'>fleverat</span> <span class='ocrx_word' id='word_1_263' title='bbox 1737 2178 1745 2191; x_wconf 91' lang='lat'><em>‚</em></span> 
     </span>
     <span class='ocr_line' id='line_1_30' title="bbox 367 2212 1744 2272; baseline -0.003 -16"><span class='ocrx_word' id='word_1_264' title='bbox 367 2215 526 2272; x_wconf 86' lang='lat' dir='ltr'>optime</span> <span class='ocrx_word' id='word_1_265' title='bbox 552 2214 683 2255; x_wconf 86' lang='lat' dir='ltr'>unxit.</span> <span class='ocrx_word' id='word_1_266' title='bbox 712 2213 802 2255; x_wconf 91' lang='lat' dir='ltr'>Non</span> <span class='ocrx_word' id='word_1_267' title='bbox 833 2213 916 2255; x_wconf 87' lang='lat' dir='ltr'>hoc</span> <span class='ocrx_word' id='word_1_268' title='bbox 950 2214 1079 2254; x_wconf 84' lang='lat' dir='ltr'>semel</span> <span class='ocrx_word' id='word_1_269' title='bbox 1103 2212 1250 2253; x_wconf 82' lang='lat' dir='ltr'>secisse</span> <span class='ocrx_word' id='word_1_270' title='bbox 1272 2212 1534 2254; x_wconf 87' lang='lat' dir='ltr'>credendum</span> <span class='ocrx_word' id='word_1_271' title='bbox 1561 2220 1647 2258; x_wconf 86' lang='lat' dir='ltr'>est,</span> <span class='ocrx_word' id='word_1_272' title='bbox 1675 2212 1744 2252; x_wconf 88' lang='lat' dir='ltr'>sed</span> 
     </span>
     <span class='ocr_line' id='line_1_31' title="bbox 365 2277 1743 2336; baseline -0.004 -14"><span class='ocrx_word' id='word_1_273' title='bbox 365 2289 406 2322; x_wconf 84' lang='lat' dir='ltr'>et</span> <span class='ocrx_word' id='word_1_274' title='bbox 429 2295 550 2336; x_wconf 76' lang='lat' dir='ltr'>saepe.</span> <span class='ocrx_word' id='word_1_275' title='bbox 580 2278 796 2320; x_wconf 86' lang='lat' dir='ltr'>Grandem</span> <span class='ocrx_word' id='word_1_276' title='bbox 822 2277 956 2320; x_wconf 86' lang='lat' dir='ltr'>fidem</span> <span class='ocrx_word' id='word_1_277' title='bbox 972 2310 982 2325; x_wconf 92' lang='lat'><em>,</em></span> <span class='ocrx_word' id='word_1_278' title='bbox 1007 2279 1184 2320; x_wconf 83' lang='lat' dir='ltr'>multam</span> <span class='ocrx_word' id='word_1_279' title='bbox 1205 2277 1481 2319; x_wconf 78' lang='lat' dir='ltr'>reverentiam</span> <span class='ocrx_word' id='word_1_280' title='bbox 1502 2311 1509 2325; x_wconf 86' lang='lat'><em>,</em></span> <span class='ocrx_word' id='word_1_281' title='bbox 1538 2284 1578 2318; x_wconf 82' lang='lat' dir='ltr'>et</span> <span class='ocrx_word' id='word_1_282' title='bbox 1597 2277 1743 2318; x_wconf 60' lang='lat' dir='ltr'>miram&gt;</span> 
     </span>
    </p>
   </div>
   <div class='ocr_carea' id='block_1_3' title="bbox 413 2394 689 2435">
    <p class='ocr_par' dir='ltr' id='par_1_4' title="bbox 413 2394 689 2435">
     <span class='ocr_line' id='line_1_32' title="bbox 413 2394 689 2435; baseline 0 -12"><span class='ocrx_word' id='word_1_283' title='bbox 413 2394 423 2416; x_wconf 88' lang='lat'><strong>¹</strong></span> <span class='ocrx_word' id='word_1_284' title='bbox 447 2403 460 2423; x_wconf 93' lang='lat'>1</span> <span class='ocrx_word' id='word_1_285' title='bbox 479 2396 556 2435; x_wconf 23' lang='lat' dir='ltr'>Reg.</span> <span class='ocrx_word' id='word_1_286' title='bbox 580 2404 617 2434; x_wconf 82' lang='lat'>11,</span> <span class='ocrx_word' id='word_1_287' title='bbox 635 2394 689 2424; x_wconf 78' lang='lat'>25.</span> 
     </span>
    </p>
   </div>
   <div class='ocr_carea' id='block_1_4' title="bbox 358 2470 1742 2628">
    <p class='ocr_par' dir='ltr' id='par_1_5' title="bbox 358 2470 1742 2628">
     <span class='ocr_line' id='line_1_33' title="bbox 407 2470 1738 2518; baseline -0.004 -14"><span class='ocrx_word' id='word_1_288' title='bbox 407 2471 459 2518; x_wconf 70' lang='grc' dir='ltr'>(ι)</span> <span class='ocrx_word' id='word_1_289' title='bbox 476 2477 573 2506; x_wconf 82' lang='lat' dir='ltr'>Deest</span> <span class='ocrx_word' id='word_1_290' title='bbox 593 2475 706 2506; x_wconf 83' lang='lat' dir='ltr'>nonin</span> <span class='ocrx_word' id='word_1_291' title='bbox 723 2474 796 2506; x_wconf 91' lang='lat' dir='ltr'>cod.</span> <span class='ocrx_word' id='word_1_292' title='bbox 811 2475 902 2517; x_wconf 83' lang='lat' dir='ltr'>juxta</span> <span class='ocrx_word' id='word_1_293' title='bbox 927 2484 1061 2507; x_wconf 86' lang='lat' dir='ltr'>morem.</span> <span class='ocrx_word' id='word_1_294' title='bbox 1086 2491 1123 2496; x_wconf 88' lang='lat'>-—-</span> <span class='ocrx_word' id='word_1_295' title='bbox 1146 2474 1195 2511; x_wconf 67' lang='lat'>(2)</span> <span class='ocrx_word' id='word_1_296' title='bbox 1211 2472 1294 2504; x_wconf 87' lang='lat' dir='ltr'>Cod.</span> <span class='ocrx_word' id='word_1_297' title='bbox 1314 2481 1536 2512; x_wconf 77' lang='lat' dir='ltr'>temperemur.</span> <span class='ocrx_word' id='word_1_298' title='bbox 1553 2487 1599 2494; x_wconf 89' lang='lat'>-—</span> <span class='ocrx_word' id='word_1_299' title='bbox 1617 2470 1665 2513; x_wconf 87' lang='lat'>(3</span> <span class='ocrx_word' id='word_1_300' title='bbox 1691 2470 1738 2504; x_wconf 82' lang='lat' dir='ltr'>ld,</span> 
     </span>
     <span class='ocr_line' id='line_1_34' title="bbox 362 2525 1742 2573; baseline -0.004 -12"><span class='ocrx_word' id='word_1_301' title='bbox 362 2528 533 2561; x_wconf 63' lang='lat' dir='ltr'>inhaereat.</span> <span class='ocrx_word' id='word_1_302' title='bbox 550 2548 597 2554; x_wconf 94' lang='lat'><strong>—</strong></span> <span class='ocrx_word' id='word_1_303' title='bbox 613 2532 659 2571; x_wconf 73' lang='grc'>(4)</span> <span class='ocrx_word' id='word_1_304' title='bbox 680 2531 715 2562; x_wconf 85' lang='lat' dir='ltr'>Id</span> <span class='ocrx_word' id='word_1_305' title='bbox 739 2529 863 2572; x_wconf 76' lang='lat' dir='ltr'>fluoris</span> <span class='ocrx_word' id='word_1_306' title='bbox 882 2530 1083 2571; x_wconf 69' lang='lat' dir='ltr'>benignitas.</span> <span class='ocrx_word' id='word_1_307' title='bbox 1102 2547 1147 2553; x_wconf 92' lang='lat'><strong>—</strong></span> <span class='ocrx_word' id='word_1_308' title='bbox 1170 2526 1220 2573; x_wconf 83' lang='lat'>(5)</span> <span class='ocrx_word' id='word_1_309' title='bbox 1237 2531 1314 2559; x_wconf 79' lang='lat' dir='ltr'>Haec</span> <span class='ocrx_word' id='word_1_310' title='bbox 1334 2527 1430 2559; x_wconf 78' lang='lat' dir='ltr'>verba</span> <span class='ocrx_word' id='word_1_311' title='bbox 1442 2526 1538 2568; x_wconf 84' lang='lat' dir='ltr'>jussit</span> <span class='ocrx_word' id='word_1_312' title='bbox 1554 2535 1606 2563; x_wconf 69' lang='grc' dir='ltr'>ιιι,</span> <span class='ocrx_word' id='word_1_313' title='bbox 1627 2525 1742 2557; x_wconf 80' lang='lat' dir='ltr'>desunt</span> 
     </span>
     <span class='ocr_line' id='line_1_35' title="bbox 358 2581 1736 2628; baseline -0.004 -10"><span class='ocrx_word' id='word_1_314' title='bbox 358 2586 394 2618; x_wconf 90' lang='lat' dir='ltr'>in</span> <span class='ocrx_word' id='word_1_315' title='bbox 411 2586 482 2619; x_wconf 91' lang='lat' dir='ltr'>cod.</span> <span class='ocrx_word' id='word_1_316' title='bbox 505 2604 550 2610; x_wconf 86' lang='grc'>--</span> <span class='ocrx_word' id='word_1_317' title='bbox 568 2587 614 2628; x_wconf 41' lang='grc'>(6,</span> <span class='ocrx_word' id='word_1_318' title='bbox 648 2589 723 2619; x_wconf 76' lang='lat' dir='ltr'>Haec</span> <span class='ocrx_word' id='word_1_319' title='bbox 744 2586 851 2618; x_wconf 85' lang='lat' dir='ltr'>ultima</span> <span class='ocrx_word' id='word_1_320' title='bbox 873 2586 966 2617; x_wconf 72' lang='lat' dir='ltr'>verba</span> <span class='ocrx_word' id='word_1_321' title='bbox 984 2586 1011 2614; x_wconf 75' lang='lat' dir='ltr'>si</span> <span class='ocrx_word' id='word_1_322' title='bbox 1036 2597 1118 2616; x_wconf 71' lang='lat' dir='ltr'>mero</span> <span class='ocrx_word' id='word_1_323' title='bbox 1148 2591 1209 2618; x_wconf 56' lang='lat' dir='ltr'>otu,</span> <span class='ocrx_word' id='word_1_324' title='bbox 1247 2586 1359 2616; x_wconf 69' lang='lat' dir='ltr'>desunt</span> <span class='ocrx_word' id='word_1_325' title='bbox 1380 2583 1411 2614; x_wconf 81' lang='lat' dir='ltr'>in</span> <span class='ocrx_word' id='word_1_326' title='bbox 1433 2582 1502 2616; x_wconf 82' lang='lat' dir='ltr'>cod.</span> <span class='ocrx_word' id='word_1_327' title='bbox 1526 2601 1567 2605; x_wconf 93' lang='lat'>——</span> <span class='ocrx_word' id='word_1_328' title='bbox 1591 2582 1637 2624; x_wconf 69' lang='lat'>(7)</span> <span class='ocrx_word' id='word_1_329' title='bbox 1655 2581 1736 2613; x_wconf 82' lang='lat' dir='ltr'>cod.</span> 
     </span>
    </p>
   </div>
   <div class='ocr_carea' id='block_1_5' title="bbox 354 2640 1058 2685">
    <p class='ocr_par' dir='ltr' id='par_1_6' title="bbox 354 2640 1058 2685">
     <span class='ocr_line' id='line_1_36' title="bbox 354 2640 1058 2685; baseline -0.004 -11"><span class='ocrx_word' id='word_1_330' title='bbox 354 2642 553 2685; x_wconf 75' lang='lat' dir='ltr'>patiebatur.</span> <span class='ocrx_word' id='word_1_331' title='bbox 578 2661 617 2666; x_wconf 84' lang='lat'><em>-</em></span> <span class='ocrx_word' id='word_1_332' title='bbox 634 2642 683 2685; x_wconf 89' lang='grc'>(8)</span> <span class='ocrx_word' id='word_1_333' title='bbox 699 2642 746 2675; x_wconf 79' lang='lat' dir='ltr'>Id.</span> <span class='ocrx_word' id='word_1_334' title='bbox 764 2653 827 2673; x_wconf 77' lang='lat' dir='ltr'>vas</span> <span class='ocrx_word' id='word_1_335' title='bbox 847 2640 1058 2674; x_wconf 72' lang='lat' dir='ltr'>alabastrum.</span> 
     </span>
    </p>
   </div>
  </div>
 </body>
</html>
