1868 3301
301 302 394 358 456
561 315 595 344 s.
640 312 885 345 Auensriul
925 315 1127 345 muscorl
1164 315 1403 347 APPENlnx.

302 382 406 424 mini
438 382 488 423 ab
524 380 703 435 antiquis
735 379 890 422 sactum
920 389 1005 427 est,
1045 389 1090 422 ut
1120 389 1161 423 et
1203 391 1354 424 nostrae
1396 381 1671 424 dedicationis

305 447 508 503 templum
531 445 595 486 sit.
620 445 663 486 Si
689 445 798 486 euim
830 447 984 486 doinus
1010 445 1179 486 Domini
1207 455 1350 488 vocata
1377 456 1464 494 est,
1489 448 1560 488 ubi
1584 448 1671 488 Bes-

302 513 370 554 tiae
387 511 732 559 immolabantur,
757 513 889 551 multo
914 510 1044 566 magis
1070 510 1257 552 Ecclesia
1281 520 1417 561 notra,
1445 512 1517 553 ubi
1537 512 1672 553 carnis

299 588 343 619 et
365 576 576 632 sauguinis
607 575 777 616 Domini
808 574 1077 615 celebrantur
1106 584 1385 617 sacramenta.
1413 577 1464 617 Et
1485 576 1517 617 si
1541 577 1580 616 in
1604 576 1671 617 illa

301 658 345 684 se
367 641 661 683 exauditurum
686 640 891 681 Dominus
914 640 1178 696 repromisit,
1203 649 1363 696 quanto
1388 641 1517 697 magis
1535 649 1575 681 et
1600 655 1673 681 nos

302 709 342 748 in
368 708 452 763 ipsa
474 704 692 747 exaudiet?
716 705 767 745 Et
789 705 820 744 si
845 719 994 760 magua
1014 704 1212 746 festivitas
1237 706 1447 747 celebrata
1464 714 1526 746 est
1550 713 1672 753 tunc,

299 782 342 814 et
375 787 448 813 nos
482 779 685 826 quantum
710 769 910 826 gaudium
935 770 1072 811 facere
1100 769 1256 811 ibidem
1281 770 1515 812 debemus?
1538 770 1675 820 Quam

301 848 440 880 tamen
476 835 786 878 dedicationem
822 835 862 875 in
897 844 1045 876 octavo
1082 849 1192 876 anno
1225 836 1460 877 celebrasse
1499 835 1672 882 dicitur,

299 904 396 959 quia
415 902 454 943 in
483 901 548 943 die
567 909 717 942 nostrae
745 900 1067 941 resurrectionis
1083 932 1092 948 ‚
1118 915 1210 956 quae
1227 908 1373 942 octava
1393 899 1562 947 dicitur,
1587 906 1680 956 post

300 968 430 1026 ipsius
450 967 574 1022 hujus
598 967 690 1008 vitae
712 974 876 1022 tempus
892 998 900 1014 ,
924 967 1036 1022 quod
1060 981 1134 1022 per
1156 975 1316 1023 septem
1338 980 1468 1007 annos
1492 965 1681 1021 designa-

302 1044 387 1082 tur,
414 1047 578 1074 summa
600 1031 799 1073 festivitas
824 1046 1017 1088 supernas
1036 1031 1214 1073 civitatis
1233 1033 1483 1074 celebratur.
1510 1031 1561 1071 Et
1585 1030 1680 1071 ideo

303 1100 346 1141 in
377 1097 706 1140 Consecratione
735 1106 973 1138 nostrarum
996 1097 1301 1150 Ecclesiarum,
1324 1097 1365 1138 in
1383 1110 1513 1138 unum
1535 1109 1684 1137 conve-

303 1165 393 1206 nire
429 1164 659 1211 debemus,
690 1163 816 1210 casti,
840 1163 990 1211 sobrii,
1024 1163 1345 1213 misericordes,
1381 1161 1576 1209 humiles,
1610 1161 1679 1202 be-

302 1230 443 1287 nigni,
478 1237 520 1270 et
549 1236 740 1276 orantes,
773 1243 857 1269 non
889 1230 1113 1284 loquentes
1155 1229 1266 1270 sicut
1299 1227 1496 1269 mulieres
1530 1233 1684 1267 nostrae

303 1296 486 1341 faciunt,
510 1293 584 1334 sed
608 1293 779 1344 flentes,
806 1302 850 1334 ut
872 1293 1102 1334 sentiamus
1131 1293 1190 1348 (1)
1219 1293 1435 1335 auxilium.

359 1361 411 1401 ΙΙ.
452 1360 570 1400 Hanc
594 1358 860 1400 festivitatem
881 1360 991 1400 Deus
1015 1358 1055 1400 in
1080 1374 1152 1399 sua
1175 1359 1398 1415 praesentia
1414 1357 1608 1414 dignatus
1624 1364 1687 1397 est

303 1425 487 1467 visitare.
515 1424 634 1465 Hanc
654 1423 780 1464 etiam
804 1423 938 1464 Jacob
959 1422 1153 1479 figuravit
1170 1455 1179 1470 ‚
1206 1424 1276 1479 qui
1307 1424 1364 1477 (2)
1397 1423 1498 1463 dum
1523 1420 1686 1477 fugeret

305 1507 328 1532 a
346 1489 452 1531 facie
470 1487 609 1530 fratris
633 1488 696 1529 sui
719 1488 850 1534 Esau,
878 1488 1024 1529 relicto
1049 1497 1191 1544 patre,
1217 1496 1260 1529 et
1278 1487 1356 1529 iret
1378 1488 1430 1528 ad
1449 1486 1594 1528 Laban
1616 1500 1685 1542 pe-

307 1557 460 1598 titurus
483 1567 656 1594 uxorem
675 1585 684 1602 ,
715 1553 755 1593 in
788 1552 938 1594 itinere
966 1552 1062 1594 tulit
1090 1554 1141 1593 de
1174 1553 1386 1609 lapidibus
1405 1560 1448 1592 et
1470 1550 1692 1606 supposuit

309 1619 436 1676 capiti
461 1632 558 1664 suo;
584 1625 625 1658 et
648 1618 747 1659 dum
773 1617 976 1658 dormiret
996 1617 1098 1658 vidit
1126 1618 1282 1658 scalam
1301 1631 1434 1672 usque
1462 1616 1514 1657 ad
1536 1616 1691 1656 coelum

309 1685 514 1725 directam
532 1715 541 1729 ,
575 1692 616 1723 et
641 1696 816 1738 surgens
859 1681 954 1722 tulit
979 1681 1183 1736 lapidem,
1215 1690 1257 1722 et
1290 1681 1441 1722 direxit
1467 1681 1595 1720 altare
1618 1694 1693 1734 per

311 1748 486 1791 modum
511 1747 643 1793 tituli,
665 1755 707 1788 et
727 1746 949 1787 effundens
982 1747 1122 1787 oleum
1160 1746 1290 1786 dixit:
1318 1764 1332 1782 (ι
1350 1745 1455 1787 Vere
1476 1745 1594 1785 locus
1617 1744 1694 1784 iste

313 1835 328 1854 ι)
342 1822 511 1856 sanctus
530 1812 631 1854 esst.
647 1832 662 1847 w
677 1811 812 1854 Jacob
838 1810 1029 1853 Christus
1047 1819 1123 1859 est,
1152 1812 1224 1866 qui
1247 1811 1489 1866 relinquens
1509 1809 1690 1856 Patrem,

313 1893 486 1921 carnem
524 1877 797 1924 assumendo,
836 1876 997 1933 fugiens
1031 1891 1052 1917 a
1075 1875 1180 1916 sacie
1209 1876 1387 1916 fratrum
1412 1889 1581 1916 suorum
1616 1873 1695 1915 Ju-

316 1947 526 1990 daeorum,
554 1943 653 1983 dum
683 1950 876 1998 pergeret
899 1942 950 1981 ad
976 1940 1118 1982 Laban
1150 1940 1190 1980 in
1219 1942 1404 1987 mundo,
1433 1938 1628 1980 dormivit
1655 1938 1696 1978 in

318 2024 462 2059 cruce,
489 2017 530 2049 et
548 2008 643 2049 tulit
661 2007 844 2063 lapidem
869 2015 911 2047 et
927 2006 1151 2062 supposuit
1167 2006 1295 2061 capiti
1319 2019 1410 2052 suo,
1425 2005 1526 2046 dum
1548 2004 1697 2044 huma-

319 2075 493 2116 nitatem
518 2072 757 2129 subjugavit
778 2071 1007 2113 Divin-itati.
1038 2071 1240 2112 Divinitas
1271 2078 1398 2126 caput
1426 2077 1489 2110 est
1513 2067 1694 2115 Christi,

321 2141 416 2197 quia
436 2149 564 2196 caput
580 2137 736 2181 Christi
754 2138 865 2178 Deus
885 2154 895 2185 3
914 2138 1023 2178 scala
1044 2137 1095 2177 ad
1109 2137 1263 2177 coelum
1276 2145 1339 2177 est
1363 2133 1550 2176 ascensio
1574 2147 1696 2189 grau-

323 2207 438 2248 dium
461 2206 685 2252 virtutum3
709 2203 856 2260 Angeli
889 2202 1165 2244 ascendentes
1198 2210 1240 2243 et
1268 2199 1573 2242 descendentes
1599 2205 1698 2239 sunt

322 2271 638 2330 praedicatores,
662 2269 732 2325 qui
756 2268 1005 2311 annuntiant
1029 2283 1208 2324 regnum
1242 2267 1332 2308 Dei.
1365 2265 1567 2308 Ascendit
1589 2263 1699 2304 inter

325 2346 499 2378 caeteros
532 2336 737 2385 JoauneS‚
771 2335 940 2390 quando
972 2333 1073 2374 dixit
1102 2349 1111 2374 :
1144 2331 1374 2374 «Verbum
1408 2345 1507 2373 caro
1540 2329 1697 2370 sactum

327 2422 342 2441 n
357 2401 460 2444 est².
485 2401 742 2443 »Descendit
765 2399 936 2448 Paulus,
957 2398 1058 2439 dum
1082 2397 1185 2440 dixit
1204 2413 1213 2439 :
1231 2397 1542 2440 «Praedicamus
1560 2393 1700 2435 Chris-

377 2518 384 2539 ¹
405 2519 490 2550 Gen.
511 2526 627 2553 xxvni,
646 2516 696 2553 16,
718 2526 769 2554 17.
787 2530 831 2538 -—
847 2511 863 2534 ²
881 2515 977 2545 Joan.
1001 2523 1028 2549 1,
1052 2517 1106 2547 14.

376 2604 423 2648 (x)
443 2606 522 2638 eod.
539 2604 690 2641 sentiam,
708 2614 766 2634 nec
781 2601 879 2634 habet
892 2608 937 2633 ut.
958 2617 1004 2624 —-
1018 2598 1068 2642 (α)
1088 2602 1164 2631 Haec
1181 2597 1275 2630 verba
1284 2596 1452 2639 figuravit,
1466 2595 1524 2637 qui
1538 2594 1650 2626 desunt
1667 2593 1701 2626 in

328 2664 398 2694 cod.
