1885 3284
250 316 340 372 2²10
518 332 552 362 s.
597 330 838 363 Aucusrim
876 330 1075 362 Eriseorl
1114 330 1352 362 Arriffimx.

242 412 510 454 quacumque
533 398 633 439 hora
658 407 855 454 peccator
878 396 1145 453 ingemuerit,
1169 396 1502 439 misericordiam
1519 411 1618 439 con-

245 472 459 519 sequetur.
495 463 607 505 Eece
636 478 760 519 quam
795 463 975 520 pretiosa
1008 471 1104 503 sunt
1138 462 1265 518 hujus
1299 462 1457 504 arboris
1493 463 1606 505 solIa.

244 528 360 570 Istud
382 538 444 570 est
464 529 566 570 illud
582 529 855 585 soliumquod
873 543 955 569 non
979 527 1079 569 ssuet
1104 527 1144 569 in
1164 538 1383 571 aeternum:
1416 529 1497 571 Nos
1518 528 1615 571 solia

248 594 373 650 hujus
394 595 553 636 arboris
578 609 722 636 sumus
746 594 947 651 quamdiu
961 593 1202 641 vixerimus,
1218 603 1256 636 et
1281 594 1320 638 iu
1337 609 1463 636 cruce
1476 610 1617 652 perse-

245 667 437 701 verantes
459 692 469 707 ‚
489 675 564 717 per
588 675 712 717 opera
736 661 788 702 ad
809 661 1015 708 fructum,
1041 660 1111 716 qui
1142 668 1204 701 est
1228 659 1444 708 Christus,
1477 676 1618 718 perve-

245 725 408 766 niemus
429 742 438 778 3
473 741 558 767 non
598 734 737 767 tamen
771 725 924 767 nostris
947 726 1106 767 meritis
1124 726 1462 782 quibuscumque
1481 728 1616 769 ornati

245 806 406 839 sumus,
432 792 507 833 sed
534 793 667 833 solum
690 807 763 848 per
784 791 974 848 gratiam.
998 792 1097 832 liaec
1120 791 1246 847 igitur
1272 807 1368 833 vere
1400 799 1461 833 est
1493 793 1618 834 arbor

242 857 410 913 grandis
424 889 433 905 ,
459 866 501 899 et
522 866 666 899 ornata
687 858 814 906 foliis,
842 857 1016 899 floribus
1034 856 1228 899 etsructu
1246 858 1502 900 suavissimo.
1518 859 1617 900 llaec

245 922 355 979 virga
377 938 548 981 vespere
571 924 706 972 arida,
741 924 872 977 idest
898 926 978 980 (1),
1002 924 1043 965 in
1068 924 1235 980 antiqua
1256 924 1364 981 Lege
1387 925 1500 966 arida
1515 957 1524 973 ,
1544 926 1619 967 sed

241 1003 388 1038 mane,
415 1004 513 1030 cum
543 990 604 1044 (2)
628 989 763 1031 Filius
786 990 858 1031 Dei
888 989 1106 1031 descendit
1128 989 1178 1030 ad
1196 1005 1293 1037 nos,
1320 991 1523 1037 fronduit,
1543 990 1618 1032 sso-

242 1053 326 1094 ruit
348 1062 388 1095 et
411 1053 595 1096 fructum
619 1053 719 1096 fecit
742 1054 959 1112 amygdala
991 1054 1072 1111 (5);
1100 1055 1140 1096 in
1161 1064 1321 1097 tantum
1338 1064 1381 1097 ut
1398 1056 1487 1098 haee
1505 1057 1618 1113 virga

245 1127 438 1175 tompore
456 1119 658 1176 passionis
681 1122 854 1170 aruerit,
881 1128 1028 1162 utnon
1048 1128 1158 1162 esset
1176 1122 1215 1162 in
1233 1136 1280 1162 ea
1300 1122 1463 1178 species
1483 1137 1620 1178 neque

245 1184 424 1232 decor¹3
452 1187 523 1226 sed
545 1185 715 1227 frondes
737 1185 913 1242 protulit
934 1220 944 1235 ,
987 1200 1084 1227 cum
1127 1186 1337 1243 Apostolis
1369 1187 1621 1229 resurrectio

244 1250 399 1292 Christi
423 1250 613 1291 nuntiata
632 1250 742 1299 suit3
770 1251 937 1299 floruit,
971 1267 1067 1293 cum
1092 1252 1281 1294 Christus
1305 1252 1388 1293 suis
1413 1254 1471 1309 (Δ.)
1494 1253 1625 1309 Apos-

245 1316 339 1357 tolis
371 1330 574 1372 apparens
597 1317 806 1373 corporali
831 1316 1051 1374 praesentia
1078 1332 1148 1358 eos
1178 1317 1427 1366 laetificavit;
1462 1318 1624 1375 peperit

250 1383 470 1438 amygdala
493 1415 501 1428 ‚
532 1382 701 1438 quando
727 1382 907 1439 Spiritus
931 1392 1099 1424 sanctus
1119 1398 1245 1440 super
1266 1399 1337 1425 eos
1359 1385 1590 1426 descendit.

308 1446 381 1487 ΙΙΙ.
420 1446 518 1488 113εο
535 1447 661 1503 igitur
677 1456 740 1489 est
757 1448 867 1489 scala
885 1456 1175 1505 peccatorum,
1197 1463 1273 1505 per
1287 1464 1415 1505 quam
1435 1449 1627 1491 Christus

251 1526 323 1552 rex
340 1511 547 1553 coelorum
571 1513 623 1553 ad
646 1528 689 1554 se
713 1514 840 1555 traxit
870 1514 1039 1561 omnia‚·
1066 1513 1155 1555 haec
1184 1523 1246 1555 est
1270 1515 1379 1556 scala
1403 1530 1480 1571 per
1502 1529 1629 1571 quam

252 1576 444 1619 Christus
468 1579 596 1619 coelos
619 1579 822 1620 ascendit.
865 1578 949 1621 Sed
972 1579 1124 1635 quibus
1147 1580 1345 1636 gradibus
1383 1581 1627 1627 videamus3

252 1643 397 1699 utique
423 1652 671 1700 paupertate
692 1677 702 1692 ‚
722 1645 921 1701 patientia
935 1677 944 1693 ‚
986 1645 1224 1687 humilitate
1240 1678 1249 1693 ,
1288 1645 1527 1687 obedientia
1543 1679 1552 1693 ,
1585 1653 1632 1687 ut

253 1724 326 1750 sua
344 1717 594 1766 paupertate
612 1717 798 1751 nostram
817 1710 1031 1752 miseriam
1049 1709 1280 1752 debellaret
1298 1743 1307 1758 ,
1334 1725 1405 1751 sua
1432 1710 1632 1767 patientia

255 1775 307 1815 ad
330 1773 701 1816 mansuetudinem
726 1791 800 1817 nos
817 1783 1089 1832 provocaret,
1114 1790 1187 1816 sua
1205 1774 1443 1817 humilitate
1468 1777 1526 1831 (5)
1546 1791 1635 1818 nos·

256 1848 361 1881 tram
380 1840 622 1896 superbiam
642 1841 936 1890 confunderet,
953 1857 1025 1883 sua
1049 1841 1288 1883 obedientia
1313 1841 1634 1899 primiparentis

256 1905 589 1947 inobedientiam
619 1906 794 1948 deleret.
825 1906 908 1948 Nos
930 1906 1071 1963 igitur,
1096 1906 1266 1954 fratres,
1294 1914 1421 1964 caput
1443 1914 1635 1948 nostrum

256 1971 514 2019 intueamur,
542 1980 584 2013 et
614 1990 628 2010 α
646 1972 766 2014 Sicut
789 1973 877 2029 ipse
903 1973 1162 2020 ambulavit,
1192 1973 1251 2014 sic
1281 1981 1321 2014 et
1350 1988 1424 2014 nos
1451 1974 1636 2016 ambule-

260 2056 276 2077 »
291 2036 424 2079 mus².
452 2038 628 2080 »Plures
650 2040 762 2080 enim
782 2041 935 2096 gradus
956 2040 996 2080 in
1020 2039 1100 2081 hac
1119 2040 1228 2081 scala
1244 2039 1357 2081 Deus
1379 2039 1502 2081 Pater
1525 2040 1638 2082 inse-

260 2104 358 2153 ruit,
380 2119 455 2161 per
472 2120 577 2160 quos
601 2107 829 2147 ascendere
850 2114 1025 2162 possunt
1048 2105 1174 2147 sortes
1198 2113 1240 2147 et
1257 2105 1415 2147 debiles
1430 2138 1440 2153 ,
1467 2105 1638 2161 juvenes

257 2179 300 2210 et
314 2185 432 2211 senes
448 2203 458 2219 ,
485 2172 622 2213 donec
650 2172 763 2213 Deus
787 2173 965 2213 deorum
988 2172 1029 2212 in
1060 2172 1160 2212 bion
1183 2172 1327 2213 videre
1349 2171 1632 2215 mereantur³.

261 2235 303 2276 Si
329 2235 419 2290 quis
440 2236 552 2277 enim
577 2236 742 2278 fervens
774 2238 838 2278 vel
864 2237 1062 2278 robustus
1096 2245 1159 2278 est
1192 2251 1396 2293 corpore,
1420 2236 1461 2277 in
1492 2237 1640 2279 ordine

264 2302 490 2343 duodecim
513 2303 666 2360 gradus
692 2304 921 2345 ascendere
945 2304 1070 2345 debet
1087 2335 1096 2350 ,
1126 2304 1403 2358 quoadusque
1424 2303 1641 2359 perveniat

266 2368 318 2409 ad
329 2366 440 2409 illam
454 2367 713 2411 «Persectam
725 2369 992 2420 charitatem,
1006 2384 1098 2426 quae
1108 2368 1217 2411 foras
1230 2368 1360 2410 mittit
1371 2368 1564 2410 timorem
1575 2367 1587 2389 ”
1597 2385 1630 2417 ;»

319 2480 327 2502 ¹
352 2481 423 2513 lsai.
452 2492 525 2519 mn,
552 2493 644 2514 2.-
669 2480 684 2503 2
713 2494 725 2514 1
745 2485 843 2517 Joan.
864 2494 906 2526 11,
933 2483 966 2515 6.
985 2500 1030 2506 -
1048 2479 1063 2505 3
1086 2482 1170 2517 Psal.
1197 2493 1341 2519 nxxxui,
1358 2482 1390 2514 8.
1409 2499 1453 2506 —-
1471 2478 1487 2503 4
1508 2493 1523 2513 x
1543 2483 1641 2517 Joan.

268 2548 317 2575 xv,
345 2532 401 2571 18.

315 2618 367 2665 (1)
388 2620 469 2654 Cod.
492 2630 535 2656 et.
555 2639 603 2646 —-
621 2620 670 2665 (α)
690 2621 740 2657 Id,
759 2622 850 2660 dum,
868 2627 898 2654 et
917 2622 961 2654 sic
979 2621 1124 2657 inferius.
1146 2639 1191 2646 —-
1209 2621 1260 2666 (3)
1279 2621 1328 2654 Id.
1351 2621 1540 2660 amindola‚
1555 2620 1644 2653 etsie

266 2676 430 2721 deinceps,
445 2695 492 2702 —-
507 2677 557 2723 (4)
573 2679 623 2713 Id.
643 2679 702 2710 ait.
718 2697 760 2702 —
777 2675 827 2723 (5)
845 2678 896 2713 Id.
917 2679 998 2711 male
1016 2678 1104 2711 addit
1124 2687 1176 2719 ιιι,
1194 2685 1224 2712 et
1244 2678 1289 2713 sic
1303 2678 1462 2722 deinceps.
