<?xml version="1.0" encoding="UTF-8"?>
<!DOCTYPE html PUBLIC "-//W3C//DTD XHTML 1.0 Transitional//EN"
    "http://www.w3.org/TR/xhtml1/DTD/xhtml1-transitional.dtd">
<html xmlns="http://www.w3.org/1999/xhtml" xml:lang="en" lang="en">
 <head>
  <title>
</title>
<meta http-equiv="Content-Type" content="text/html;charset=utf-8" />
  <meta name='ocr-system' content='tesseract 3.04.00' />
  <meta name='ocr-capabilities' content='ocr_page ocr_carea ocr_par ocr_line ocrx_word'/>
</head>
<body>
  <div class='ocr_page' id='page_1' title='image "./p2operaomniaaccu24auguuoft_0472.png"; bbox 0 0 1868 3301; ppageno 0'>
   <div class='ocr_carea' id='block_1_1' title="bbox 296 263 1404 317">
    <p class='ocr_par' dir='ltr' id='par_1_1' title="bbox 296 263 1404 317">
     <span class='ocr_line' id='line_1_1' title="bbox 296 263 1404 317; baseline 0.001 -9"><span class='ocrx_word' id='word_1_1' title='bbox 296 263 388 317; x_wconf 70' lang='lat'><strong>462</strong></span> <span class='ocrx_word' id='word_1_2' title='bbox 568 279 606 307; x_wconf 83' lang='lat' dir='ltr'><strong>s.</strong></span> <span class='ocrx_word' id='word_1_3' title='bbox 646 278 891 309; x_wconf 67' lang='lat' dir='ltr'>mausum</span> <span class='ocrx_word' id='word_1_4' title='bbox 923 277 1130 309; x_wconf 70' lang='lat' dir='ltr'>EPISCOPI</span> <span class='ocrx_word' id='word_1_5' title='bbox 1167 277 1404 309; x_wconf 80' lang='lat' dir='ltr'><strong>APPEanx.</strong></span> 
     </span>
    </p>
   </div>
   <div class='ocr_carea' id='block_1_2' title="bbox 295 341 1683 1181">
    <p class='ocr_par' dir='ltr' id='par_1_2' title="bbox 295 341 1683 1181">
     <span class='ocr_line' id='line_1_2' title="bbox 295 341 1671 399; baseline 0 -15"><span class='ocrx_word' id='word_1_6' title='bbox 295 342 550 384; x_wconf 78' lang='lat' dir='ltr'>lineamenta</span> <span class='ocrx_word' id='word_1_7' title='bbox 588 342 779 384; x_wconf 85' lang='lat' dir='ltr'>omnium</span> <span class='ocrx_word' id='word_1_8' title='bbox 817 342 1132 390; x_wconf 81' lang='lat' dir='ltr'>membrorum3</span> <span class='ocrx_word' id='word_1_9' title='bbox 1168 357 1219 384; x_wconf 83' lang='lat' dir='ltr'><strong>ex</strong></span> <span class='ocrx_word' id='word_1_10' title='bbox 1257 341 1355 384; x_wconf 85' lang='lat' dir='ltr'>hinc</span> <span class='ocrx_word' id='word_1_11' title='bbox 1385 342 1469 399; x_wconf 82' lang='lat' dir='ltr'><strong>jam</strong></span> <span class='ocrx_word' id='word_1_12' title='bbox 1507 343 1671 399; x_wconf 79' lang='lat' dir='ltr'><strong>reliquo</strong></span> 
     </span>
     <span class='ocr_line' id='line_1_3' title="bbox 298 407 1664 465; baseline 0.001 -17"><span class='ocrx_word' id='word_1_13' title='bbox 298 418 504 464; x_wconf 77' lang='lat' dir='ltr'><strong>tempore,</strong></span> <span class='ocrx_word' id='word_1_14' title='bbox 520 422 655 463; x_wconf 82' lang='lat' dir='ltr'><strong>usque</strong></span> <span class='ocrx_word' id='word_1_15' title='bbox 671 408 723 450; x_wconf 82' lang='lat' dir='ltr'><strong>ad</strong></span> <span class='ocrx_word' id='word_1_16' title='bbox 737 416 927 464; x_wconf 81' lang='lat' dir='ltr'>tempora</span> <span class='ocrx_word' id='word_1_17' title='bbox 948 409 1110 464; x_wconf 56' lang='lat' dir='ltr'><strong>pau-tm,</strong></span> <span class='ocrx_word' id='word_1_18' title='bbox 1136 407 1426 464; x_wconf 77' lang='lat' dir='ltr'><strong>magnitudine</strong></span> <span class='ocrx_word' id='word_1_19' title='bbox 1447 416 1664 465; x_wconf 72' lang='lat' dir='ltr'><strong>augeatur.</strong></span> 
     </span>
     <span class='ocr_line' id='line_1_4' title="bbox 301 470 1674 530; baseline 0.001 -16"><span class='ocrx_word' id='word_1_20' title='bbox 301 470 366 514; x_wconf 92' lang='lat' dir='ltr'><strong>Ad</strong></span> <span class='ocrx_word' id='word_1_21' title='bbox 388 472 661 529; x_wconf 78' lang='lat' dir='ltr'>quadraginta</span> <span class='ocrx_word' id='word_1_22' title='bbox 686 473 873 529; x_wconf 79' lang='lat' dir='ltr'>quinque</span> <span class='ocrx_word' id='word_1_23' title='bbox 896 472 1008 521; x_wconf 84' lang='lat' dir='ltr'><strong>dies,</strong></span> <span class='ocrx_word' id='word_1_24' title='bbox 1042 472 1185 514; x_wconf 78' lang='lat' dir='ltr'>addito</span> <span class='ocrx_word' id='word_1_25' title='bbox 1217 487 1322 521; x_wconf 89' lang='lat' dir='ltr'>uno,</span> <span class='ocrx_word' id='word_1_26' title='bbox 1354 473 1425 528; x_wconf 87' lang='lat' dir='ltr'><strong>qui</strong></span> <span class='ocrx_word' id='word_1_27' title='bbox 1465 472 1674 530; x_wconf 76' lang='lat' dir='ltr'>significat</span> 
     </span>
     <span class='ocr_line' id='line_1_5' title="bbox 303 537 1673 594; baseline 0.001 -16"><span class='ocrx_word' id='word_1_28' title='bbox 303 553 533 586; x_wconf 83' lang='lat' dir='ltr'><strong>summam,</strong></span> <span class='ocrx_word' id='word_1_29' title='bbox 554 538 648 594; x_wconf 84' lang='lat' dir='ltr'>quia</span> <span class='ocrx_word' id='word_1_30' title='bbox 669 538 723 579; x_wconf 85' lang='lat' dir='ltr'><strong>Vl</strong></span> <span class='ocrx_word' id='word_1_31' title='bbox 739 571 749 585; x_wconf 93' lang='lat'>,</span> <span class='ocrx_word' id='word_1_32' title='bbox 775 548 815 579; x_wconf 79' lang='lat' dir='ltr'><strong>et</strong></span> <span class='ocrx_word' id='word_1_33' title='bbox 838 538 895 593; x_wconf 88' lang='lat'><strong>(1)</strong></span> <span class='ocrx_word' id='word_1_34' title='bbox 923 537 1055 586; x_wconf 89' lang='lat' dir='ltr'>VIIII,</span> <span class='ocrx_word' id='word_1_35' title='bbox 1081 538 1213 580; x_wconf 79' lang='lat' dir='ltr'>etXlI</span> <span class='ocrx_word' id='word_1_36' title='bbox 1229 570 1238 586; x_wconf 88' lang='lat'><strong>,</strong></span> <span class='ocrx_word' id='word_1_37' title='bbox 1258 547 1298 579; x_wconf 80' lang='lat' dir='ltr'><strong>et</strong></span> <span class='ocrx_word' id='word_1_38' title='bbox 1319 537 1459 580; x_wconf 92' lang='lat' dir='ltr'>XVIII</span> <span class='ocrx_word' id='word_1_39' title='bbox 1483 539 1523 580; x_wconf 85' lang='lat' dir='ltr'><strong>in</strong></span> <span class='ocrx_word' id='word_1_40' title='bbox 1541 552 1673 580; x_wconf 86' lang='lat' dir='ltr'>unum</span> 
     </span>
     <span class='ocr_line' id='line_1_6' title="bbox 302 600 1669 659; baseline 0 -15"><span class='ocrx_word' id='word_1_41' title='bbox 302 602 484 658; x_wconf 78' lang='lat' dir='ltr'>coaptati</span> <span class='ocrx_word' id='word_1_42' title='bbox 510 600 616 644; x_wconf 80' lang='lat' dir='ltr'><strong>fiunt</strong></span> <span class='ocrx_word' id='word_1_43' title='bbox 650 600 791 649; x_wconf 86' lang='lat' dir='ltr'>XLV,</span> <span class='ocrx_word' id='word_1_44' title='bbox 828 602 973 644; x_wconf 85' lang='lat' dir='ltr'>addito</span> <span class='ocrx_word' id='word_1_45' title='bbox 997 617 1124 659; x_wconf 83' lang='lat' dir='ltr'>ergo,</span> <span class='ocrx_word' id='word_1_46' title='bbox 1160 611 1206 643; x_wconf 81' lang='lat' dir='ltr'><strong>ut</strong></span> <span class='ocrx_word' id='word_1_47' title='bbox 1238 602 1400 644; x_wconf 76' lang='lat' dir='ltr'>dictum</span> <span class='ocrx_word' id='word_1_48' title='bbox 1438 611 1525 655; x_wconf 85' lang='lat' dir='ltr'><strong>est,</strong></span> <span class='ocrx_word' id='word_1_49' title='bbox 1559 618 1669 652; x_wconf 83' lang='lat' dir='ltr'>uno,</span> 
     </span>
     <span class='ocr_line' id='line_1_7' title="bbox 304 667 1677 725; baseline 0.003 -18"><span class='ocrx_word' id='word_1_50' title='bbox 304 668 376 723; x_wconf 85' lang='lat' dir='ltr'><strong>qui</strong></span> <span class='ocrx_word' id='word_1_51' title='bbox 409 682 506 708; x_wconf 87' lang='lat' dir='ltr'><strong>cum</strong></span> <span class='ocrx_word' id='word_1_52' title='bbox 529 667 685 710; x_wconf 80' lang='lat' dir='ltr'>suerint</span> <span class='ocrx_word' id='word_1_53' title='bbox 719 667 988 724; x_wconf 75' lang='lat' dir='ltr'>multiplicati</span> <span class='ocrx_word' id='word_1_54' title='bbox 1009 700 1018 716; x_wconf 90' lang='lat'><strong>,</strong></span> <span class='ocrx_word' id='word_1_55' title='bbox 1043 683 1118 725; x_wconf 87' lang='lat' dir='ltr'><strong>per</strong></span> <span class='ocrx_word' id='word_1_56' title='bbox 1136 668 1271 724; x_wconf 81' lang='lat' dir='ltr'>ipsum</span> <span class='ocrx_word' id='word_1_57' title='bbox 1294 668 1506 710; x_wconf 74' lang='lat' dir='ltr'><strong>senarium</strong></span> <span class='ocrx_word' id='word_1_58' title='bbox 1532 684 1677 711; x_wconf 77' lang='lat' dir='ltr'>nume-</span> 
     </span>
     <span class='ocr_line' id='line_1_8' title="bbox 309 731 1674 789; baseline 0.001 -15"><span class='ocrx_word' id='word_1_59' title='bbox 309 748 426 780; x_wconf 85' lang='lat' dir='ltr'>rum,</span> <span class='ocrx_word' id='word_1_60' title='bbox 453 732 523 788; x_wconf 84' lang='lat' dir='ltr'><strong>qui</strong></span> <span class='ocrx_word' id='word_1_61' title='bbox 538 732 667 789; x_wconf 87' lang='lat' dir='ltr'><strong>hujus</strong></span> <span class='ocrx_word' id='word_1_62' title='bbox 680 732 956 774; x_wconf 81' lang='lat' dir='ltr'>ordinationis</span> <span class='ocrx_word' id='word_1_63' title='bbox 978 741 1106 789; x_wconf 82' lang='lat' dir='ltr'>caput</span> <span class='ocrx_word' id='word_1_64' title='bbox 1126 741 1258 780; x_wconf 81' lang='lat' dir='ltr'><strong>tenet,</strong></span> <span class='ocrx_word' id='word_1_65' title='bbox 1279 731 1386 774; x_wconf 83' lang='lat' dir='ltr'>fiunt</span> <span class='ocrx_word' id='word_1_66' title='bbox 1401 731 1648 775; x_wconf 86' lang='lat' dir='ltr'>CCLXXVI</span> <span class='ocrx_word' id='word_1_67' title='bbox 1663 765 1674 782; x_wconf 82' lang='lat'><strong>,</strong></span> 
     </span>
     <span class='ocr_line' id='line_1_9' title="bbox 306 797 1679 855; baseline 0.001 -17"><span class='ocrx_word' id='word_1_68' title='bbox 306 799 348 839; x_wconf 80' lang='lat' dir='ltr'><strong>id</strong></span> <span class='ocrx_word' id='word_1_69' title='bbox 390 807 475 846; x_wconf 76' lang='lat' dir='ltr'><strong>est,</strong></span> <span class='ocrx_word' id='word_1_70' title='bbox 516 813 666 839; x_wconf 78' lang='lat' dir='ltr'>novem</span> <span class='ocrx_word' id='word_1_71' title='bbox 712 812 878 839; x_wconf 73' lang='lat' dir='ltr'><strong>menses</strong></span> <span class='ocrx_word' id='word_1_72' title='bbox 913 806 956 839; x_wconf 87' lang='lat' dir='ltr'><strong>et</strong></span> <span class='ocrx_word' id='word_1_73' title='bbox 992 813 1063 839; x_wconf 82' lang='lat' dir='ltr'><strong>sex</strong></span> <span class='ocrx_word' id='word_1_74' title='bbox 1103 797 1192 840; x_wconf 85' lang='lat' dir='ltr'><strong>dies</strong></span> <span class='ocrx_word' id='word_1_75' title='bbox 1210 830 1220 844; x_wconf 95' lang='lat'><em>,</em></span> <span class='ocrx_word' id='word_1_76' title='bbox 1263 797 1334 854; x_wconf 88' lang='lat' dir='ltr'><strong>qui</strong></span> <span class='ocrx_word' id='word_1_77' title='bbox 1376 807 1679 855; x_wconf 72' lang='lat' dir='ltr'><strong>computantur</strong></span> 
     </span>
     <span class='ocr_line' id='line_1_10' title="bbox 308 862 1680 920; baseline 0.001 -16"><span class='ocrx_word' id='word_1_78' title='bbox 308 864 359 904; x_wconf 86' lang='lat' dir='ltr'><strong>ab</strong></span> <span class='ocrx_word' id='word_1_79' title='bbox 385 872 535 905; x_wconf 80' lang='lat' dir='ltr'>octavo</span> <span class='ocrx_word' id='word_1_80' title='bbox 559 862 748 905; x_wconf 76' lang='lat' dir='ltr'>kalendis</span> <span class='ocrx_word' id='word_1_81' title='bbox 773 863 938 920; x_wconf 79' lang='lat' dir='ltr'>aprilis,</span> <span class='ocrx_word' id='word_1_82' title='bbox 971 877 1057 919; x_wconf 86' lang='lat' dir='ltr'><strong>quo</strong></span> <span class='ocrx_word' id='word_1_83' title='bbox 1082 863 1150 905; x_wconf 75' lang='lat' dir='ltr'><strong>die</strong></span> <span class='ocrx_word' id='word_1_84' title='bbox 1180 871 1412 920; x_wconf 76' lang='lat' dir='ltr'><strong>conceptus</strong></span> <span class='ocrx_word' id='word_1_85' title='bbox 1439 872 1503 906; x_wconf 84' lang='lat' dir='ltr'><strong>est</strong></span> <span class='ocrx_word' id='word_1_86' title='bbox 1533 865 1680 906; x_wconf 87' lang='lat' dir='ltr'>Domi-</span> 
     </span>
     <span class='ocr_line' id='line_1_11' title="bbox 305 927 1681 984; baseline 0.001 -14"><span class='ocrx_word' id='word_1_87' title='bbox 305 943 383 970; x_wconf 86' lang='lat' dir='ltr'><strong>nus</strong></span> <span class='ocrx_word' id='word_1_88' title='bbox 412 928 601 976; x_wconf 77' lang='lat' dir='ltr'><strong>Creator,</strong></span> <span class='ocrx_word' id='word_1_89' title='bbox 626 928 697 984; x_wconf 88' lang='lat' dir='ltr'><strong>qui</strong></span> <span class='ocrx_word' id='word_1_90' title='bbox 724 929 874 969; x_wconf 80' lang='lat' dir='ltr'><strong>eodem</strong></span> <span class='ocrx_word' id='word_1_91' title='bbox 903 927 970 969; x_wconf 83' lang='lat' dir='ltr'><strong>die</strong></span> <span class='ocrx_word' id='word_1_92' title='bbox 1001 929 1128 970; x_wconf 85' lang='lat' dir='ltr'>etiam</span> <span class='ocrx_word' id='word_1_93' title='bbox 1156 942 1301 984; x_wconf 82' lang='lat' dir='ltr'>passus</span> <span class='ocrx_word' id='word_1_94' title='bbox 1333 936 1423 975; x_wconf 82' lang='lat' dir='ltr'>est,</span> <span class='ocrx_word' id='word_1_95' title='bbox 1458 943 1591 984; x_wconf 81' lang='lat' dir='ltr'>usque</span> <span class='ocrx_word' id='word_1_96' title='bbox 1629 930 1681 971; x_wconf 85' lang='lat' dir='ltr'><strong>ad</strong></span> 
     </span>
     <span class='ocr_line' id='line_1_12' title="bbox 314 991 1682 1051; baseline 0.001 -17"><span class='ocrx_word' id='word_1_97' title='bbox 314 991 405 1034; x_wconf 86' lang='lat' dir='ltr'>Vlll</span> <span class='ocrx_word' id='word_1_98' title='bbox 434 993 632 1035; x_wconf 78' lang='lat' dir='ltr'>kalendas</span> <span class='ocrx_word' id='word_1_99' title='bbox 666 993 870 1049; x_wconf 83' lang='lat' dir='ltr'>januarii,</span> <span class='ocrx_word' id='word_1_100' title='bbox 899 1008 982 1049; x_wconf 88' lang='lat' dir='ltr'><strong>quo</strong></span> <span class='ocrx_word' id='word_1_101' title='bbox 1011 993 1077 1035; x_wconf 79' lang='lat' dir='ltr'><strong>die</strong></span> <span class='ocrx_word' id='word_1_102' title='bbox 1103 1002 1225 1035; x_wconf 76' lang='lat' dir='ltr'><strong>natus</strong></span> <span class='ocrx_word' id='word_1_103' title='bbox 1255 1001 1330 1034; x_wconf 79' lang='lat' dir='ltr'><strong>est.</strong></span> <span class='ocrx_word' id='word_1_104' title='bbox 1363 993 1455 1036; x_wconf 90' lang='lat' dir='ltr'><strong>Non</strong></span> <span class='ocrx_word' id='word_1_105' title='bbox 1484 1009 1584 1051; x_wconf 77' lang='lat' dir='ltr'>ergo</span> <span class='ocrx_word' id='word_1_106' title='bbox 1611 994 1682 1036; x_wconf 75' lang='lat' dir='ltr'><strong>ab·</strong></span> 
     </span>
     <span class='ocr_line' id='line_1_13' title="bbox 309 1055 1679 1116; baseline 0.001 -16"><span class='ocrx_word' id='word_1_107' title='bbox 309 1059 434 1100; x_wconf 78' lang='lat' dir='ltr'><strong>surde</strong></span> <span class='ocrx_word' id='word_1_108' title='bbox 454 1057 531 1100; x_wconf 83' lang='lat' dir='ltr'><strong>XL</strong></span> <span class='ocrx_word' id='word_1_109' title='bbox 555 1068 596 1100; x_wconf 68' lang='lat' dir='ltr'><strong>et</strong></span> <span class='ocrx_word' id='word_1_110' title='bbox 620 1055 674 1099; x_wconf 86' lang='lat' dir='ltr'><strong>Vl</strong></span> <span class='ocrx_word' id='word_1_111' title='bbox 703 1058 820 1099; x_wconf 84' lang='lat' dir='ltr'>annis</span> <span class='ocrx_word' id='word_1_112' title='bbox 859 1059 1014 1100; x_wconf 79' lang='lat' dir='ltr'>dicitur</span> <span class='ocrx_word' id='word_1_113' title='bbox 1047 1057 1299 1099; x_wconf 75' lang='lat' dir='ltr'><strong>fabricatum</strong></span> <span class='ocrx_word' id='word_1_114' title='bbox 1334 1071 1424 1099; x_wconf 82' lang='lat' dir='ltr'><strong>esse</strong></span> <span class='ocrx_word' id='word_1_115' title='bbox 1445 1060 1649 1116; x_wconf 84' lang='lat' dir='ltr'><strong>templum</strong></span> <span class='ocrx_word' id='word_1_116' title='bbox 1668 1090 1679 1107; x_wconf 87' lang='lat'><em>‚</em></span> 
     </span>
     <span class='ocr_line' id='line_1_14' title="bbox 310 1123 1683 1181; baseline 0.001 -17"><span class='ocrx_word' id='word_1_117' title='bbox 310 1125 424 1180; x_wconf 86' lang='lat' dir='ltr'>quod</span> <span class='ocrx_word' id='word_1_118' title='bbox 452 1140 607 1181; x_wconf 74' lang='lat' dir='ltr'>corpus</span> <span class='ocrx_word' id='word_1_119' title='bbox 627 1123 718 1179; x_wconf 82' lang='lat' dir='ltr'><strong>ejus</strong></span> <span class='ocrx_word' id='word_1_120' title='bbox 737 1123 1024 1181; x_wconf 79' lang='lat' dir='ltr'>significabat,</span> <span class='ocrx_word' id='word_1_121' title='bbox 1054 1132 1100 1165; x_wconf 78' lang='lat' dir='ltr'><strong>ut</strong></span> <span class='ocrx_word' id='word_1_122' title='bbox 1126 1132 1228 1180; x_wconf 83' lang='lat' dir='ltr'>quot</span> <span class='ocrx_word' id='word_1_123' title='bbox 1252 1123 1349 1164; x_wconf 84' lang='lat' dir='ltr'>anni</span> <span class='ocrx_word' id='word_1_124' title='bbox 1370 1124 1537 1166; x_wconf 75' lang='lat' dir='ltr'>fuerunt</span> <span class='ocrx_word' id='word_1_125' title='bbox 1562 1124 1604 1166; x_wconf 90' lang='lat' dir='ltr'><strong>in</strong></span> <span class='ocrx_word' id='word_1_126' title='bbox 1626 1124 1683 1166; x_wconf 86' lang='lat' dir='ltr'><strong>fa-</strong></span> 
     </span>
    </p>
   </div>
   <div class='ocr_carea' id='block_1_3' title="bbox 312 1188 1683 1310">
    <p class='ocr_par' dir='ltr' id='par_1_3' title="bbox 312 1188 1683 1310">
     <span class='ocr_line' id='line_1_15' title="bbox 312 1188 1683 1246; baseline 0.001 -16"><span class='ocrx_word' id='word_1_127' title='bbox 312 1189 550 1231; x_wconf 80' lang='lat' dir='ltr'>bricatione</span> <span class='ocrx_word' id='word_1_128' title='bbox 572 1188 746 1246; x_wconf 83' lang='lat' dir='ltr'>templi,</span> <span class='ocrx_word' id='word_1_129' title='bbox 771 1198 833 1231; x_wconf 88' lang='lat' dir='ltr'><strong>tot</strong></span> <span class='ocrx_word' id='word_1_130' title='bbox 859 1189 946 1231; x_wconf 81' lang='lat' dir='ltr'>dies</span> <span class='ocrx_word' id='word_1_131' title='bbox 983 1189 1141 1232; x_wconf 83' lang='lat' dir='ltr'><strong>fuerint</strong></span> <span class='ocrx_word' id='word_1_132' title='bbox 1167 1189 1209 1230; x_wconf 88' lang='lat' dir='ltr'><strong>in</strong></span> <span class='ocrx_word' id='word_1_133' title='bbox 1247 1189 1436 1245; x_wconf 77' lang='lat' dir='ltr'>corporis</span> <span class='ocrx_word' id='word_1_134' title='bbox 1471 1189 1683 1232; x_wconf 70' lang='lat' dir='ltr'>DominIci</span> 
     </span>
     <span class='ocr_line' id='line_1_16' title="bbox 312 1253 582 1310; baseline -0.004 -14"><span class='ocrx_word' id='word_1_135' title='bbox 312 1253 582 1310; x_wconf 78' lang='lat' dir='ltr'>perfectIOne.</span> 
     </span>
    </p>
   </div>
   <div class='ocr_carea' id='block_1_4' title="bbox 358 1365 582 1407">
    <p class='ocr_par' dir='ltr' id='par_1_4' title="bbox 358 1365 582 1407">
     <span class='ocr_line' id='line_1_17' title="bbox 358 1365 582 1407; baseline 0.004 -12"><span class='ocrx_word' id='word_1_136' title='bbox 358 1365 407 1407; x_wconf 53' lang='grc' dir='ltr'><strong>(ι)</strong></span> <span class='ocrx_word' id='word_1_137' title='bbox 428 1365 506 1396; x_wconf 92' lang='lat' dir='ltr'>Cod.</span> <span class='ocrx_word' id='word_1_138' title='bbox 528 1366 582 1396; x_wconf 82' lang='lat' dir='ltr'><strong>ad.</strong></span> 
     </span>
    </p>
   </div>
  </div>
 </body>
</html>
