1868 3301
324 313 416 368 450
582 329 618 357 s.
662 329 907 360 mensum
941 328 1143 359 nmscom
1182 328 1422 359 Arrssnmx.

321 393 535 449 fulgeatis3
562 393 827 436 considerate
847 394 947 450 quid
964 393 1016 435 sit
1038 394 1194 450 populo
1215 408 1413 450 praeesse;
1429 392 1693 434 considerate

319 458 447 514 quale
467 458 520 499 sit
546 458 694 500 divinis
719 458 992 501 sacramentis
1015 458 1221 501 insistere.
1265 459 1388 501 Tales
1410 471 1594 513 namque
1627 455 1690 510 (ι)

321 524 520 565 convenit
552 524 771 567 sinceritas
809 526 1061 566 sacramenti
1084 557 1093 571 .
1129 525 1266 581 qualia
1300 533 1398 566 sunt
1434 528 1696 566 sacramenta

321 589 501 637 Christi,
535 604 585 630 ex
616 591 769 646 quibus
798 589 1000 631 exhibent
1029 589 1167 631 officia
1203 589 1448 637 servitutis;
1488 603 1541 630 ne
1580 586 1694 628 circa

321 653 454 694 Deum
480 652 700 696 offendant
744 655 820 711 ipsi
847 655 960 710 quod
988 662 1200 703 tractant,
1234 661 1306 696 aut
1342 654 1454 696 circa
1488 653 1694 709 populum

323 718 528 774 incipiant
569 719 772 776 impedire
804 720 918 775 quod
951 720 1194 775 praedicant.
1231 719 1474 761 Inordinata
1511 731 1694 772 namque

322 784 598 826 multitudine
617 784 895 826 Sacerdotum
913 784 1039 826 hodie
1063 786 1185 826 datur
1213 784 1428 826 contemni
1452 791 1605 825 nostrae
1636 795 1699 822 re-

324 850 577 905 demptionis
592 850 832 891 venerabile
855 859 1180 891 sacramentum.
1206 850 1309 892 Nam
1337 849 1409 906 qui
1432 849 1588 890 debent
1609 861 1699 888 esse

324 916 467 956 vicarii
504 916 803 972 Apostolorum
825 926 867 958 et
891 917 991 958 socii
1027 917 1162 964 Petri,
1192 916 1290 958 sacti
1321 925 1417 957 sunt
1442 914 1567 956 hodie
1596 913 1698 954 socii

321 980 451 1021 Judae.
481 980 517 1022 O
546 981 714 1036 grandis
740 982 917 1038 dignitas
942 981 1218 1023 Sacerdotum
1238 1014 1247 1029 ,
1275 983 1348 1023 sed
1374 980 1542 1037 grandis
1558 979 1697 1026 ruina,

325 1046 356 1086 si
383 1055 572 1102 peccaut.
603 1047 813 1088 Laeiemur
841 1048 891 1087 ad
916 1062 1160 1095 ascensum,
1193 1048 1265 1089 sed
1290 1048 1512 1088 timeamus
1536 1046 1587 1086 ad
1608 1046 1702 1100 lap-

323 1126 429 1151 sum.
451 1111 542 1152 Non
566 1120 628 1151 cst
653 1112 754 1152 tanti
778 1112 917 1168 gaudii
941 1113 1104 1153 excelsa
1127 1113 1333 1160 tenuisse,
1351 1109 1702 1168 quantimoeroris

323 1183 386 1216 est
410 1175 460 1216 de
484 1176 804 1217 sublimioribus
827 1177 1050 1218 corruisse.
1078 1177 1164 1219 Nec
1187 1179 1321 1219 solum
1344 1193 1423 1234 pro
1447 1176 1599 1218 nostris
1627 1175 1703 1216 de-

325 1240 422 1281 bitis
445 1241 671 1282 reddemus
698 1241 903 1282 rationem
924 1274 933 1288 ,
959 1243 1032 1284 sed
1054 1258 1130 1298 pro
1148 1244 1344 1284 omnibus
1366 1257 1547 1299 quorum
1572 1240 1704 1283 abuti-

325 1321 420 1346 mur
447 1305 581 1347 donis.
617 1305 896 1347 Considerate
919 1306 1045 1363 igitur
1067 1306 1345 1350 Sacerdotum
1369 1323 1459 1350 esse
1486 1306 1672 1348 officium
1689 1337 1702 1354 ,

327 1372 376 1411 de
396 1370 506 1425 Lege
529 1371 810 1428 interrogatos
836 1371 1106 1427 respondere.
1150 1373 1253 1415 Nam
1290 1373 1363 1430 qui
1391 1373 1598 1416 Sacerdos
1621 1380 1702 1419 est,

329 1435 379 1477 de
397 1435 508 1492 Lege
526 1436 700 1477 Domini
716 1437 926 1492 numquid
948 1437 1074 1479 debet
1091 1437 1380 1494 interrogare?
1400 1439 1538 1481 Absit.
1562 1437 1647 1480 Sed
1670 1437 1704 1478 si

327 1502 494 1557 ignorat
509 1534 518 1549 ,
545 1516 588 1542 se
610 1502 745 1558 ipsum
764 1503 901 1557 arguit
920 1516 1004 1543 non
1020 1517 1111 1544 esse
1131 1502 1406 1546 Sacerdotem
1429 1503 1615 1546 Domini.
1639 1501 1705 1544 Sa-

329 1567 550 1607 cerdotum
573 1581 672 1622 ergo
694 1574 755 1607 est
781 1566 887 1607 scire
907 1565 1062 1623 Legem
1080 1599 1090 1615 ‚
1116 1576 1159 1608 et
1187 1568 1468 1625 interrogatos
1486 1569 1537 1610 de
1557 1567 1668 1624 Lege
1688 1599 1699 1615 ,

332 1632 588 1688 respondere
618 1630 688 1686 (2).
718 1630 1001 1672 Sacerdotum
1022 1640 1084 1672 est
1107 1641 1221 1673 caste
1238 1633 1398 1684 vivere,
1423 1633 1489 1690 pie
1509 1664 1521 1681 ,
1546 1632 1702 1679 sobrie,

331 1712 415 1738 nou
434 1697 676 1752 despectam
698 1695 878 1737 vetulam
904 1695 944 1735 in
970 1695 1096 1737 domo
1116 1705 1278 1747 tenere,
1305 1712 1382 1739 nec
1406 1698 1447 1739 in
1468 1697 1606 1752 aliquo
1627 1695 1708 1738 ob·-

330 1762 490 1818 sequio.
519 1761 647 1818 Magis
664 1775 846 1816 namque
869 1760 953 1801 cito
971 1761 1246 1817 delinquitur,
1271 1763 1343 1804 ubi
1360 1762 1448 1804 sine
1470 1761 1708 1819 suspicione

331 1842 527 1869 securum
552 1835 689 1883 potest
710 1842 800 1867 esse
823 1826 1049 1874 delictum;
1070 1828 1250 1868 maxime
1273 1829 1369 1884 quia
1393 1828 1594 1870 delictum
1612 1827 1709 1868 nul-

330 1895 413 1934 lam
440 1891 753 1933 deformitatem
772 1891 960 1947 despicit.
993 1890 1273 1934 Sacerdotum
1289 1902 1349 1935 est
1365 1894 1508 1935 vinum
1531 1906 1707 1948 compo-

334 1958 512 1999 tantium
542 1957 599 2012 (5)
634 1956 854 1998 societates
877 1956 1046 2012 fugere:
1073 1966 1195 2013 turpe
1216 1967 1280 2000 est
1300 1958 1411 2000 enim
1434 1958 1706 2000 Dominicum

335 2038 486 2080 corpus
505 2032 676 2079 tangere
692 2032 733 2063 et
746 2021 937 2063 convivia
955 2021 1234 2078 frequentare.
1250 2023 1527 2067 Sacerdotum
1540 2032 1603 2066 est
1616 2024 1707 2065 ani-

337 2104 501 2131 marum
526 2103 670 2130 curam
703 2103 777 2144 pro
799 2087 980 2129 Domino
1004 2089 1232 2145 suscipere,
1252 2098 1297 2131 ut
1310 2091 1497 2133 errantes
1510 2091 1704 2137 doceant,

340 2163 511 2197 moestos
534 2155 828 2200 consolentur,
868 2168 1072 2210 pauperes
1101 2162 1361 2203 sustentent,
1386 2164 1433 2197 ut
1456 2156 1709 2212 poenitentes

340 2223 391 2263 ad
409 2220 554 2262 salutis
576 2219 762 2261 remedia
793 2217 1066 2274 protrahant,
1091 2219 1269 2277 pupillos
1294 2220 1555 2277 gubernent,
1584 2221 1626 2262 et
1646 2234 1712 2261 se-

340 2302 435 2328 cum
463 2288 601 2343 plures
626 2287 678 2327 ad
698 2284 834 2327 Deum
855 2283 1052 2326 festinent
1077 2286 1322 2341 perducere.

400 2353 450 2393 ΙΙ.
481 2352 630 2393 Multos
653 2359 793 2392 tamen
818 2349 1018 2406 cognovi,
1044 2351 1113 2406 qui
1138 2352 1228 2408 plus
1252 2351 1530 2393 Sacerdotum
1549 2350 1677 2392 vitam
1698 2382 1709 2399 ,

341 2433 465 2475 quam
491 2432 608 2459 suam
634 2415 1006 2458 discutiunt.Tales
1025 2416 1065 2457 in
1083 2416 1244 2458 foveam
1262 2417 1507 2460 dilabuntur
1529 2416 1682 2459 erroris
1699 2448 1708 2464 ,

342 2484 437 2540 quia
460 2498 578 2524 more
597 2482 914 2539 hypocritarum
938 2481 1099 2523 trabem
1125 2498 1241 2525 suam
1265 2498 1352 2525 non
1374 2483 1708 2531 considerantes,

387 2592 441 2639 (ι)
460 2595 539 2627 Cod.
558 2593 709 2637 denique,
730 2601 761 2628 et
777 2596 822 2628 sic
843 2596 1004 2639 deinceps.
1021 2614 1063 2620 —
1081 2594 1129 2639 (2)
1150 2597 1197 2628 ld.
1217 2597 1426 2639 respondeat,
1443 2613 1490 2621 -
1507 2592 1560 2641 (3)
1575 2594 1624 2626 Id.
1641 2604 1714 2625 sce-

340 2652 449 2681 Iemtm
463 2651 715 2692 conjurantium,
