1868 3301
436 313 566 346 mum
603 314 657 345 DE
695 315 895 346 ominus
930 312 1194 344 vimurisscs
1218 333 1229 352 ,
1268 312 1359 343 mc.
1491 298 1581 363 487

224 377 277 423 de
293 388 444 422 caetero
465 379 556 421 sore
573 381 774 422 visurum.
795 381 893 422 Post
910 378 1208 435 quinquaginta
1226 393 1323 419 vero
1343 393 1470 421 annos
1488 381 1588 422 dum

223 445 314 501 ejus
348 460 467 487 soror
494 460 591 486 eum
617 445 775 495 vivere,
797 454 839 488 et
860 445 1049 487 habitare
1077 443 1116 483 in
1135 457 1278 484 eremo
1300 444 1587 500 cognovisset,

223 524 309 552 non
332 509 507 551 cessavit
539 508 674 551 donec
696 525 792 552 euin
817 510 1052 566 inspiceret.
1083 507 1220 558 Quam
1251 508 1350 548 dum
1373 508 1592 565 episcopus

222 573 416 631 ejusdem
456 574 537 615 loci
575 574 657 629 jam
695 575 875 631 graviter
912 582 1085 631 propter
1117 586 1213 612 eum
1251 571 1411 613 videret
1449 572 1594 630 afiligi·

227 639 395 696 scripsit
416 639 663 696 praesulibus
685 641 814 681 eremi
835 673 845 688 ,
880 648 926 681 ut
953 639 1127 681 Pionem
1157 635 1383 692 dirigerent
1406 638 1457 677 ad
1483 652 1593 679 euui.

224 704 280 747 At
298 705 368 747 ille
385 737 396 754 ,
432 706 628 761 quoniam
653 714 925 747 contemnere
946 704 1062 746 nefas
1085 709 1163 749 est,
1190 700 1448 757 jussionibus
1467 703 1600 745 senio-

226 785 320 812 rum
349 770 550 813 obediens
572 803 581 816 ‚
613 786 829 813 assumens
859 771 1083 828 quemdam
1113 781 1281 818 seeum,
1311 768 1423 808 venit
1448 767 1498 808 ad
1524 783 1596 824 pa-

224 835 475 883 triarcham;
510 850 692 893 cumque
720 845 815 879 ante
847 836 1017 893 januam
1054 834 1203 875 domus
1227 847 1311 873 suae
1336 834 1596 880 accessisset,

222 909 265 942 et
299 916 421 943 suum
458 903 691 944 nuntiasset
728 903 979 955 adventum,
1013 899 1205 941 veniente
1241 913 1463 955 germana,
1497 900 1598 941 dixit

221 966 372 1008 clausis
405 969 538 1010 oculis
558 984 566 1008 :
590 986 604 1005 α
631 968 741 1009 Ecce
771 982 847 1024 ego
879 983 971 1008 suin
1004 966 1127 1017 Pion,
1157 972 1313 1020 quanto
1338 963 1396 1004 vis·
1427 973 1597 1019 aspectu

221 1031 384 1073 satiare.
411 1051 425 1070 ι)
449 1033 569 1075 Tunc
587 1031 815 1089 gratificata
840 1032 1024 1074 laudavit
1042 1030 1284 1072 Dominum.
1311 1028 1364 1070 At
1383 1028 1465 1077 ille,
1490 1029 1595 1070 sacta

219 1096 434 1151 oratione,
462 1100 513 1141 ad
531 1113 719 1141 eremum
742 1099 972 1146 reineavit;
998 1097 1072 1138 ubi
1097 1096 1259 1137 fodiens
1275 1127 1285 1142 ‚
1308 1109 1457 1150 aquam
1486 1095 1597 1137 inve-

217 1162 284 1204 nit
307 1177 517 1213 amaram,
538 1172 580 1205 et
601 1179 649 1205 ea
682 1179 780 1205 usus
812 1173 874 1206 est
906 1177 1038 1219 usque
1063 1163 1114 1202 ad
1145 1160 1344 1201 ultimum
1372 1160 1464 1201 vitae
1492 1176 1589 1204 suae.

218 1226 319 1270 Post
349 1227 472 1284 cujus
502 1229 665 1270 obitum
688 1230 828 1271 nullus
855 1229 912 1270 ibi
945 1227 1134 1270 habitare
1155 1225 1382 1282 praevaluit.
1408 1225 1495 1283 Ego
1520 1241 1595 1268 au-

217 1298 304 1333 tem
337 1306 450 1342 reor,
475 1295 588 1350 quod
625 1309 700 1351 per
735 1309 852 1336 suam
889 1293 1121 1335 orationem
1160 1292 1212 1331 ad
1243 1305 1341 1332 suos
1373 1305 1472 1332 usus
1500 1307 1592 1335 eam

213 1355 327 1399 Deus
343 1357 491 1401 fecerit
514 1361 705 1407 dulcem
736 1360 836 1401 dum
861 1369 903 1401 et
926 1359 1009 1415 jam
1035 1356 1132 1400 alibi
1153 1364 1321 1398 extante
1345 1356 1404 1411 (i)
1433 1358 1592 1400 oratio-

213 1420 278 1463 nis
307 1423 456 1464 merito
495 1433 725 1466 emanaret.
761 1425 865 1467 Nam
891 1439 987 1466 cum
1008 1423 1168 1479 Moyses
1202 1431 1243 1464 et
1280 1420 1371 1478 ejus
1393 1424 1590 1466 monachi

213 1494 390 1543 puteum
428 1487 647 1536 foderent,
682 1497 723 1529 et
757 1503 837 1530 nec
861 1503 1010 1529 venam
1036 1489 1215 1543 aliquam
1241 1487 1490 1543 reperirent,
1515 1503 1593 1532 nec

213 1553 394 1608 amplius
421 1553 504 1609 jam
523 1554 668 1596 fodere
693 1553 869 1596 altitudo
895 1554 1173 1611 permitteret,
1199 1554 1336 1595 media
1355 1554 1421 1595 die
1443 1570 1591 1612 super-

212 1618 328 1659 venit
347 1618 448 1659 Pion
465 1651 475 1667 ,
504 1628 546 1661 et
559 1619 667 1660 facta
691 1619 881 1660 oratione
899 1618 1117 1660 descendit
1139 1619 1180 1659 in
1199 1619 1382 1667 foveam3
1408 1635 1590 1676 cumque

213 1682 491 1726 descenderet
521 1699 625 1740 aqua
659 1683 866 1740 apparuit.
904 1683 987 1725 lllis
1025 1699 1121 1724 eum
1158 1685 1426 1740 rogantibus,
1461 1694 1506 1727 ut
1537 1701 1586 1728 ex

212 1761 317 1804 aqua
339 1756 528 1805 gustaret
548 1764 558 1790 ε
576 1767 591 1787 «
613 1750 678 1791 Ad
696 1748 778 1791 hoc
793 1781 805 1796 ,
831 1749 989 1804 inquit,
1010 1748 1194 1790 directus
1211 1763 1328 1797 sum;
1353 1758 1394 1790 et
1413 1760 1586 1807 propter

210 1814 326 1869 quod
351 1814 443 1855 veni
470 1814 552 1872 (2),
588 1824 808 1871 peractum
838 1822 915 1855 est.
948 1814 1226 1872 »Propterea,
1263 1829 1286 1855 o
1323 1816 1583 1859 sanctissima

210 1878 361 1926 Mater,
387 1878 477 1920 haec
504 1879 579 1921 tibi
607 1879 734 1936 igitur
756 1880 807 1921 de
834 1879 961 1921 Pione
992 1879 1200 1921 monacho
1224 1879 1393 1937 scripsi,
1418 1890 1463 1922 ut
1485 1896 1583 1938 per-

209 1941 320 1984 fecte
342 1943 488 1993 scires,
516 1946 630 2000 quod
652 1944 920 1986 Continentia
937 1945 1061 1986 etiam
1087 1945 1128 1986 in
1149 1946 1236 1986 visu
1255 1947 1305 1987 sit
1328 1948 1576 1989 necessaria.

209 2009 375 2051 Audisti
401 2024 498 2050 vero
521 2025 634 2052 nunc
656 2024 781 2066 quam
806 2018 952 2051 cautus
976 2011 1052 2052 iste
1079 2012 1310 2053 monachus
1330 2013 1480 2060 suerit,
1511 2015 1582 2070 qui

209 2087 290 2115 nee
315 2072 564 2117 inobediens
586 2074 665 2116 fuit
686 2076 907 2132 praeceptis
935 2076 1171 2126 seniorum,
1201 2077 1272 2133 qui
1296 2077 1412 2120 illum
1438 2079 1489 2121 ad
1511 2094 1580 2121 so-

209 2151 349 2180 rorem
388 2154 506 2180 suam
544 2141 604 2181 ire
638 2140 880 2196 jusserunt,
919 2156 996 2182 nee
1019 2141 1105 2198 ipsa
1135 2141 1218 2183 visa
1242 2151 1304 2185 est
1338 2144 1502 2193 abillo,
1528 2160 1581 2187 ne

208 2211 356 2246 contra
380 2220 504 2247 suum
537 2213 682 2247 votum
713 2204 849 2247 facere
885 2206 1111 2248 videretur.
1143 2208 1412 2266 Quapropter
1433 2209 1580 2252 hortor

208 2270 473 2313 sanctitatem
510 2280 652 2322 tuam,
690 2280 737 2313 ut
771 2272 889 2314 illum
917 2275 1083 2315 studeas
1112 2274 1279 2317 imitari.
1317 2275 1409 2318 Non
1431 2277 1483 2319 sit
1504 2279 1579 2320 tibi

208 2349 309 2378 cura
334 2336 503 2378 videndi
526 2337 784 2394 propinquos
814 2340 879 2380 vel
902 2339 1080 2388 amicos,
1109 2355 1213 2396 quos
1243 2341 1284 2382 in
1308 2343 1460 2384 saeculo
1485 2344 1582 2386 reli-

209 2402 335 2459 quisti
353 2435 363 2452 ,
390 2418 442 2445 ne
463 2419 536 2460 per
555 2403 727 2445 illorum
748 2419 894 2446 curam
923 2414 990 2448 tua
1013 2407 1146 2448 oratio
1161 2439 1172 2455 ‚
1203 2415 1366 2464 tuaeque
1386 2410 1584 2467 lacrymae

208 2467 471 2517 minuantur,
505 2483 583 2511 nec
605 2484 701 2511 cum
721 2485 850 2513 uxore
875 2471 983 2515 Loth
1011 2480 1121 2514 retro
1140 2473 1403 2531 respiciendo
1426 2475 1464 2516 in
1491 2476 1582 2518 salis

260 2601 308 2648 (1)
329 2604 411 2639 Cod.
430 2605 551 2649 ubsque
566 2616 658 2639 sensu
675 2619 738 2639 non
755 2617 902 2643 extante,
915 2628 959 2635 -—
977 2608 1029 2655 (w
1048 2611 1093 2642 id.
1120 2613 1219 2643 venir.
