1885 3284
343 287 487 321 sszo
521 287 620 325 xnv,
663 288 716 318 DE
753 286 966 319 PAssmNss
1002 286 1168 320 nomm
1206 289 1267 319 1x.
1401 275 1492 341 237

125 358 225 417 pati.
255 358 344 400 Imo
365 365 411 398 ut
430 354 570 398 doleas
593 355 748 396 suadeo
773 362 812 395 et
833 354 1016 411 praedico
1033 386 1043 402 ‚
1070 362 1111 396 et
1144 362 1189 395 ut
1214 355 1413 414 lacrymae
1445 359 1496 401 ab

127 423 261 466 oculis
280 436 364 464 non
389 417 586 463 deficiant
606 420 817 462 exhortor.
846 418 937 462 Non
959 427 1098 461 tamen
1120 420 1323 462 traditum
1356 423 1499 481 lugeas

129 503 207 531 nec
224 486 346 533 sseas,
365 485 438 527 sed
455 484 612 527 sartum
637 484 861 541 proditoris
884 482 1159 540 ingemiscere
1176 499 1259 526 non
1283 500 1434 537 cesses,
1459 498 1501 533 et

131 553 270 594 sutura
299 552 387 603 ejus
409 549 633 592 lamentari
662 551 730 605 (1)
754 549 957 606 supplicia
975 563 1058 590 non
1081 549 1268 592 desistas.
1295 550 1365 594 Ait
1391 554 1503 597 enim

133 617 324 659 Salvator
342 617 511 673 plorans
537 614 731 671 discipuli
750 613 1029 672 perditionem
1059 614 1261 657 :aTristis
1284 626 1345 659 est
1369 618 1505 662 anima

133 701 148 722 n
163 696 257 724 mea
280 696 412 738 usque
437 681 489 722 nd
516 688 696 722 mortem
713 679 742 722 ¹.
768 700 781 718 »
809 679 912 722 Nam
936 678 1125 737 proditus
1148 679 1338 724 Christus
1361 684 1509 729 orbem

134 746 332 791 liberavit
364 746 631 796 universum,
656 754 694 787 et
722 754 860 787 tamen
884 745 1117 802 gehennam
1142 745 1210 787 ille
1241 749 1395 791 meruit
1415 766 1511 808 pos.

138 813 287 856 sidere.
330 812 528 854 Traditus
554 810 594 852 in
618 812 725 853 coelo
749 811 866 853 sedet
889 811 929 852 in
953 812 1122 852 dextera
1140 811 1295 862 Patris,
1330 817 1404 857 sed
1427 824 1515 858 tra-

140 879 250 920 ditor
271 876 382 935 apud
403 876 556 918 inferos
581 877 827 918 collocatur.
862 877 963 918 Ideo
989 876 1193 919 Dominus
1215 878 1405 935 ejusdem
1429 882 1514 924 dis-

142 943 270 1002 cipuli
307 943 585 1000 perditionem
627 943 854 999 ingemuit,
894 942 1009 999 quia,
1052 957 1148 984 cum
1190 944 1359 988 vidisset
1390 962 1488 989 eum
1504 981 1515 997 ,

144 1008 336 1052 turbatus
355 1017 439 1057 est,
461 1010 569 1050 etait
589 1009 762 1065 cupiens
785 1009 996 1065 corrigere
1018 1023 1113 1049 eum
1139 1010 1309 1053 :aUnus
1333 1015 1519 1055 vestrum

146 1072 449 1116 „metraclet².»
464 1073 500 1116 O
514 1081 668 1130 quanta
682 1073 850 1115 Domini
865 1073 1180 1115 misericordia!
1202 1090 1298 1117 nam
1313 1076 1516 1135 discipulo

147 1139 280 1181 multa
305 1139 412 1179 mala
448 1147 695 1195 pepercerat
723 1140 807 1194 (·2);
839 1154 935 1180 nam
966 1139 1072 1181 latro
1093 1155 1260 1197 semper
1282 1141 1523 1201 sueratffi),

149 1213 313 1262 patrem
332 1203 546 1246 occiderat
567 1235 576 1253 ‚
604 1211 782 1246 matrem
807 1204 1062 1252 violaverat,
1102 1205 1330 1248 homicidia
1355 1216 1397 1249 et
1420 1224 1522 1265 pro-

151 1269 333 1311 ditiones
354 1270 587 1310 multorum
607 1270 898 1317 commiserat,
927 1277 971 1310 ut
994 1268 1049 1310 ait
1072 1279 1240 1312 sanctus
1264 1282 1423 1329 martyr
1439 1276 1519 1331 Cy-

148 1336 335 1392 prIanus,
355 1342 546 1375 ettamen
561 1349 643 1376 non
657 1343 821 1377 tantum
840 1334 1044 1376 Dominus
1059 1335 1266 1392 discipulo
1280 1339 1430 1394 parcit,
1449 1340 1522 1381 sed

156 1413 233 1458 pro
254 1413 304 1440 eo
322 1399 457 1440 adhuc
476 1399 610 1446 dolet,
628 1399 1058 1457 adhucproditnspro
1077 1401 1291 1458 proditore
1314 1403 1527 1454 turbatur,

158 1464 299 1507 adhuc
324 1463 449 1505 minis
468 1472 510 1506 et
532 1464 746 1506 blanditiis
774 1481 871 1506 eum
895 1481 1097 1508 revocare
1121 1476 1311 1521 conatur,
1346 1468 1489 1511 dicens
1515 1485 1524 1511 ε

167 1529 303 1570 «Unus
326 1543 376 1569 ex
397 1529 514 1570 vobis
536 1544 602 1570 me
622 1531 803 1572 tradet.»
832 1529 968 1572 Simul
990 1532 1100 1573 enim
1125 1541 1167 1573 et
1188 1548 1271 1574 suae
1293 1533 1534 1576 misericor-

159 1593 236 1636 diae
259 1601 509 1651 potestatem
531 1591 803 1641 ostendit,'et
824 1611 898 1638 nos
921 1597 1044 1639 docet
1068 1598 1124 1654 (Δ.)
1150 1613 1233 1639 non
1254 1614 1325 1640 eos
1343 1599 1533 1656 quimala

160 1659 403 1718 patiuntur,
429 1659 503 1700 sed
526 1675 596 1700 eos
621 1659 691 1720 quvi
714 1661 821 1702 mala
844 1663 1118 1704 committunt
1139 1695 1149 1710 ‚
1185 1664 1339 1706 debere
1364 1664 1536 1708 miseros

162 1733 204 1767 et
226 1723 371 1780 dignos
394 1721 498 1765 ssetu
520 1724 748 1766 existimari
770 1726 842 1782 (5)
868 1727 957 1768 l-loc
975 1727 1085 1768 enim
1109 1727 1233 1785 pejus
1252 1734 1344 1777 est3
1369 1729 1456 1771 imo
1481 1731 1540 1788 (6)

163 1788 267 1831 illud
285 1788 451 1846 penitus
470 1791 625 1831 malum
648 1805 731 1832 non
749 1798 832 1839 est;
859 1806 956 1833 nam
978 1794 1140 1834 malum
1158 1794 1258 1850 pati,
1282 1797 1439 1837 malum
1455 1811 1541 1838 non

165 1863 258 1903 est3
283 1854 357 1896 sed
379 1855 538 1896 malum
563 1854 716 1904 facere,
739 1857 896 1898 malum
918 1866 992 1899 est⁶
1021 1858 1121 1899 Ideo
1146 1861 1350 1901 malorum
1373 1869 1538 1902 susten-

168 1919 268 1962 tatio
287 1920 492 1961 coelorum
517 1934 645 1976 regna
675 1921 794 1963 nobis
817 1922 1056 1978 pollicetur,
1083 1925 1287 1966 malorum
1311 1936 1409 1968 vero
1429 1941 1543 1968 com-

169 1983 312 2027 missio
333 1984 571 2040 gehennam
595 1985 778 2027 minatur
799 1995 841 2028 et
863 1995 1071 2030 tormenta
1099 1989 1317 2046 promittit.
1354 2011 1368 2029 u
1387 1991 1507 2033 Beati
1532 2024 1543 2040 ,

173 2047 340 2105 »inquit
380 2048 461 2105 (7),
491 2050 559 2106 qui
595 2052 930 2107 persecutionem
965 2054 1185 2110 patiuntur
1219 2063 1395 2113 propter
1430 2055 1547 2112 justi-

174 2113 371 2155 »tian1³.»
389 2113 538 2157 videte
561 2130 682 2172 ergo,
707 2115 875 2165 fratres,
904 2119 1018 2174 quod
1053 2133 1230 2176 regnum
1260 2122 1466 2162 coelorum
1489 2136 1549 2163 re-

175 2178 339 2236 cipiunt
361 2211 370 2226 ,
393 2179 464 2235 qui
488 2181 826 2236 persecutionem
849 2184 1084 2240 patiuntur,
1112 2194 1154 2227 et
1175 2184 1391 2241 accipiunt
1425 2186 1542 2228 illud.

235 2243 287 2286 ll.
327 2243 542 2287 Attendite
577 2244 718 2302 igitur,
739 2247 913 2298 fratres,
948 2252 1089 2307 quod,
1117 2259 1161 2292 ut
1194 2251 1312 2294 vobis
1341 2251 1521 2294 diximus
1540 2285 1551 2306 ‚

225 2356 236 2378 ¹
257 2354 376 2388 Mauh.
392 2366 482 2399 xxvi,
502 2358 558 2390 38.
581 2375 624 2382 -—
642 2356 658 2380 ²
673 2361 776 2394 Marc.
796 2371 862 2399 xiv,
885 2362 938 2396 18.
964 2381 1008 2387 —
1024 2359 1039 2384 3
1058 2363 1177 2397 Matth.
1196 2374 1226 2401 v,
1248 2375 1298 2398 10.

229 2434 280 2483 (1)
306 2436 386 2471 Cod.
410 2437 602 2470 lamentare.
620 2458 662 2464 --
686 2440 733 2483 (2,
751 2441 788 2472 sd
803 2447 850 2472 est
871 2441 1124 2477 condonaverat.
1153 2463 1200 2470 -
1227 2445 1277 2488 (3)
1297 2448 1372 2477 Haec
1389 2444 1502 2477 desunt
1519 2443 1553 2476 in

181 2491 418 2535 Chrysostomo‚
432 2498 463 2524 et
479 2504 497 2525 a
513 2494 701 2527 translatore
723 2495 851 2528 fuerunt
868 2497 949 2529 male
968 2498 1182 2541 superaddita.
1195 2517 1242 2524 —
1256 2496 1308 2545 (4)
1320 2499 1400 2532 Cod.
1423 2500 1552 2532 docens.

184 2562 230 2572 -u-
253 2547 301 2590 (5)
327 2548 378 2582 Id.
398 2549 562 2581 extimari.
598 2569 639 2575 —
666 2548 717 2596 (6)
732 2551 781 2583 1d.
797 2551 878 2584 male
894 2553 953 2584 hoc
966 2554 1152 2597 enimprius
1170 2562 1218 2586 esc
1231 2558 1335 2589 lesus.
1355 2572 1398 2580 —
1435 2552 1486 2598 (7)
1503 2553 1553 2587 Id.

186 2602 336 2645 denique.
