1885 3284
329 237 385 289 5‘1
732 251 766 278 s.
812 249 1054 279 AUGUSTIN!
1094 249 1297 280 EPISCOPI

329 334 426 361 cum
461 316 732 371 traduceret,
761 327 801 361 et
827 334 846 361 a
875 316 959 361 suis
992 317 1150 360 sanctis
1188 317 1397 362 fratribus
1433 318 1620 364 subdole
1645 335 1706 364 se-

329 399 515 451 pararet.
543 386 748 432 Promisit
768 386 960 449 primum
984 386 1159 431 divitias
1178 423 1188 443 9
1213 387 1419 444 honoros,
1442 388 1675 447 dignitates
1691 427 1702 445 ‚

329 458 528 521 promisit
549 475 701 503 aurum
722 494 732 513 ‚
759 469 984 517 argentum
1007 494 1016 512 ‚
1039 473 1223 516 regnum
1239 495 1249 512 ‚
1274 458 1524 521 imperium.
1547 459 1706 522 Ille(1)

329 541 468 575 autem
491 529 636 574 onmia
660 529 811 582 irrisit,
831 529 976 573 omnia
992 528 1272 574 conculcavit
1293 566 1304 586 ,
1327 530 1429 593 quia
1457 530 1596 575 Deum
1614 541 1705 576 toto

327 600 458 645 corde
478 599 639 644 dilexit.
664 600 932 662 Praeparatae
956 608 1056 644 sunt
1080 599 1213 644 minae
1232 637 1242 655 ,
1283 610 1325 644 et
1367 611 1527 646 cuncta
1553 618 1705 660 genera

326 681 643 715 tormentorum
663 707 673 725 ‚
706 687 785 715 nec
804 671 864 715 sic
884 670 1033 715 timuit
1054 707 1064 723 ‚
1093 686 1172 715 nec
1195 670 1251 715 ad
1278 688 1460 716 munera
1481 671 1702 716 declinare

325 742 498 805 potuit,
535 757 612 785 nec
642 742 779 786 minas
818 740 1106 786 erudelissimi
1138 741 1248 800 regis
1282 742 1469 805 expavit.
1504 745 1706 805 Cumque

325 811 501 857 vidisset
527 811 773 857 Antiochus
799 828 867 856 rex
888 812 1054 873 ubique
1083 827 1124 855 se
1143 811 1311 857 victum
1335 823 1376 857 et
1413 812 1470 857 ab
1499 813 1704 859 omnibus

325 893 576 946 superatum
595 919 605 938 ,
635 884 811 927 vocavit
838 893 1018 927 matrem
1041 882 1168 945 pueri
1191 919 1200 935 ‚
1231 892 1280 928 ut
1304 883 1589 945 persuaderet
1617 884 1705 929 filio

325 970 403 998 suo
428 991 437 1007 ‚
466 970 517 998 ne
551 963 591 998 et
626 953 714 1015 ipse
748 952 860 997 sicut
885 952 1039 998 fratres
1068 956 1159 1011 ejus
1202 952 1257 998 ad
1295 957 1462 1013 majora
1489 964 1705 999 tormenta

326 1024 583 1087 perveniret.
616 1023 738 1068 Dixit
772 1023 946 1068 mulieri
979 1033 1027 1068 ut
1061 1022 1342 1086 persuaderet
1366 1023 1457 1069 filio
1496 1041 1604 1077 suo3
1632 1025 1705 1070 sed

323 1094 429 1157 quid
458 1094 618 1139 habuit
651 1093 911 1157 persuadere
937 1092 998 1138 illi
1023 1093 1100 1156 qui
1135 1104 1429 1150 remanserat,
1475 1094 1552 1139 nisi
1586 1095 1702 1157 quod

323 1176 596 1227 persuaserat
619 1164 702 1210 illis
725 1201 737 1221 ,
775 1181 885 1228 quos
916 1168 1008 1224 jam
1034 1164 1090 1209 ad
1125 1165 1367 1210 Dominum
1409 1165 1697 1228 praemiserat.

323 1234 422 1280 Jam
449 1236 563 1280 enim
584 1236 728 1298 primo
749 1234 915 1280 dixerat
944 1234 1043 1279 filiis
1070 1234 1158 1279 suis
1187 1252 1237 1278 1«
1254 1234 1353 1279 Filii
1377 1272 1387 1290 ,
1416 1235 1562 1280 nescio
1591 1252 1704 1298 quo-

326 1328 345 1345 »
372 1305 502 1351 modo
519 1307 564 1351 in
589 1317 781 1352 ventrem
802 1322 944 1350 meum
973 1306 1237 1368 apparuistis
1253 1343 1263 1361 ,
1288 1323 1367 1351 nec
1393 1323 1470 1365 ego
1499 1306 1702 1369 spiritum

329 1400 346 1416 υ
371 1388 413 1421 et
431 1377 620 1423 animam
642 1377 742 1423 dedi
757 1377 883 1422 vobis
897 1414 907 1429 ‚
927 1394 1016 1422 non
1032 1377 1179 1423 vultus
1199 1388 1239 1423 et
1253 1377 1451 1423 membra
1469 1377 1698 1441 plasmavi,

328 1469 347 1489 ›>
369 1447 441 1493 sed
470 1449 585 1493 Deus
608 1485 617 1503 ,
647 1450 722 1511 qui
760 1448 863 1493 fecit
887 1447 1052 1493 coelum
1080 1459 1121 1493 ct
1142 1459 1325 1504 terram,
1353 1465 1472 1494 mare
1497 1460 1538 1494 ct
1556 1450 1701 1495 onmia

326 1540 346 1559 »
370 1535 469 1581 quae
489 1519 533 1563 in
558 1519 617 1563 eis
637 1530 737 1564 sunt
758 1529 799 1563 et
821 1519 1018 1564 omnium
1050 1519 1216 1566 invenit
1247 1519 1457 1579 originem
1484 1520 1567 1582 (a),
1611 1520 1702 1582 ipse

329 1611 343 1630 n
368 1589 572 1651 spiritum
595 1599 636 1634 et
661 1589 851 1634 animam
881 1588 1091 1647 donavit,
1121 1590 1213 1653 ipse
1237 1589 1390 1636 vultus
1426 1601 1468 1635 et
1503 1591 1700 1636 membra

326 1680 346 1700 »
372 1659 634 1722 plasmavit,
663 1670 704 1704 et
731 1659 834 1721 quia
863 1659 996 1705 modo
1033 1672 1215 1724 propter
1252 1671 1423 1706 sanctas
1460 1660 1573 1720 leges
1609 1665 1701 1721 ejus

325 1751 344 1771 ›>
373 1729 542 1774 traditis
562 1746 748 1793 corpora
774 1740 911 1776 vestra
935 1767 944 1785 ‚
970 1730 1042 1776 sed
1060 1731 1152 1795 ipse
1175 1731 1331 1777 iterum
1352 1748 1427 1778 vos
1448 1731 1639 1776 restituet
1658 1732 1700 1777 in

328 1822 346 1842 ›>
374 1816 450 1845 sua
480 1800 818 1848 misericordia¹.
847 1822 867 1843 »
904 1802 1045 1847 Mater
1076 1802 1191 1847 enim
1222 1813 1313 1848 erat
1335 1839 1345 1858 ,
1392 1801 1480 1847 hoc
1524 1814 1702 1848 noverat

327 1882 532 1933 praestare
556 1871 657 1916 filiis
679 1872 766 1917 suis
788 1909 798 1928 ,
829 1888 931 1934 quae
955 1882 1048 1917 toto
1075 1872 1206 1918 corde
1226 1872 1438 1932 diligebat
1469 1873 1626 1917 Deum.

390 1942 464 1988 IV.
510 1941 556 1987 Si
568 1942 796 1998 miramur,
818 1942 990 1999 fratres,
1011 1943 1238 1989 Abraham
1263 1954 1491 1998 sanctum,
1515 1943 1590 2006 qui
1610 1947 1698 1988 Deo

324 2011 489 2056 obtulit
511 2012 649 2058 filium
670 2050 682 2070 ,
715 2024 880 2076 quanto
917 2013 1051 2073 magis
1093 2014 1192 2058 haec
1241 2013 1487 2059 mirabilior
1525 2014 1694 2070 extitit,

322 2099 423 2145 quae
463 2100 547 2128 una
583 2083 653 2129 die
687 2095 850 2147 septem
871 2085 983 2130 filios
1002 2095 1214 2147 martyres
1236 2084 1289 2129 ad
1317 2086 1457 2130 Deum
1479 2102 1577 2130 cum
1606 2096 1694 2130 tota

323 2152 552 2198 devotione
577 2155 806 2217 praemisit.
844 2155 984 2215 Igitur
1016 2166 1056 2200 et
1088 2155 1133 2200 in
1157 2156 1238 2200 isto
1259 2155 1442 2200 minimo
1464 2155 1554 2200 filio
1576 2193 1583 2203 ,
1617 2156 1694 2219 qui

321 2236 608 2281 remanserat,
637 2225 813 2272 dicebat
841 2245 851 2272 ε
875 2227 944 2272 Tu
968 2263 979 2280 ,
1007 2226 1069 2271 fili
1088 2261 1098 2282 ‚
1117 2243 1290 2289 superes
1311 2226 1445 2282 mihi,
1471 2236 1698 2271 tusumma

321 2305 521 2340 votorum
548 2313 739 2341 meorum
758 2334 768 2352 ,
800 2309 847 2343 tu
876 2307 1120 2360 postremus
1156 2296 1346 2342 clausisti
1366 2307 1520 2360 partus
1553 2313 1694 2353 meos;

320 2382 423 2426 rogo
449 2377 490 2411 et
511 2367 690 2412 obsecro
710 2405 720 2424 ‚
758 2368 933 2431 comple
967 2368 1176 2427 gaudium
1210 2384 1370 2415 meum.
1399 2367 1696 2413 Misericordia

370 2503 377 2523 ¹
396 2515 411 2532 Ἀ
436 2502 768 2539 Maeli.v11‚21›‚23.

374 2597 395 2620 ,ι
437 2584 515 2615 (jod.
541 2585 596 2613 itu.
617 2602 657 2606 —
681 2581 732 2629 (9)
751 2583 827 2614 (Tod.
846 2583 966 2625 absque
980 2594 1072 2614 §cusu
1093 2582 1196 2624 inquit
1215 2590 1368 2613 tactuum,
