1885 3284
265 318 407 348 sERMO
434 316 504 357 Lx,
546 316 600 346 nr.
627 317 794 347 smero
823 316 964 347 raum
993 317 1132 347 ramo
1160 318 1369 348 mmmm.
1448 302 1540 349 323

229 385 300 426 lll.
339 384 420 426 Hos
454 384 555 425 tales
589 392 757 440 oportet
791 398 880 425 esse
923 383 1128 431 humiles,
1171 383 1290 425 aliter
1320 393 1545 441 paupertas

170 450 237 491 illa
260 461 362 492 vana
387 459 462 490 est.
487 448 617 490 Soror
634 449 1089 504 namquepaupertatis
1111 457 1152 489 ot
1181 448 1313 490 amica
1340 450 1547 506 insepara-

169 514 263 557 bilis
295 514 509 556 humilitas
538 515 856 570 comprobatur.
898 515 1001 556 Nam
1037 528 1197 569 pauper
1228 514 1376 570 spiritu
1407 528 1548 571 super-

168 580 248 621 bus
270 595 358 622 esse
381 593 463 621 uon
487 587 638 636 potest.
661 580 802 630 Quare
816 594 900 621 non
919 579 1083 637 potest?
1103 579 1210 630 Quia
1233 581 1408 637 gloriam
1431 596 1545 623 suam

168 645 334 702 quaerit,
354 653 700 703 etpaupertatem
719 645 886 702 spiritus
906 645 1072 686 amittit.
1097 645 1242 700 Siquis
1263 660 1360 687 vero
1380 655 1551 703 proptor

169 709 344 768 gloriam
385 711 532 753 muudi
574 710 736 753 divitias
778 726 872 753 suas
915 711 1094 768 spargit,
1133 725 1216 752 non
1263 726 1360 752 vore
1402 713 1551 769 spiritu

169 791 328 834 pauper
345 786 430 827 est,
450 777 545 832 quia
573 777 871 833 dispergendo,
896 776 1072 833 gloriam
1096 776 1242 817 mundi
1270 778 1430 833 quaerit.
1467 778 1549 829 Qui

169 857 268 884 vcro
285 843 418 884 Deum
450 857 533 883 non
572 843 711 890 timet,
740 856 817 884 nec
837 854 935 884 vere
963 852 1140 899 pauper,
1166 856 1246 883 nec
1267 857 1363 884 vero
1382 842 1552 885 humilis

170 922 260 948 osse
279 907 447 964 poterit.
472 907 562 948 Hoc
584 909 788 948 docemur
817 907 955 948 facere
976 915 1018 948 et
1039 914 1207 963 petere,
1237 908 1336 948 dum
1369 908 1552 964 petimus

172 987 192 1013 a
215 973 302 1014 Deo
323 988 332 1014 :
350 990 365 1011 α
383 973 532 1015 Libera
559 987 633 1013 nos
651 987 670 1013 a
686 974 796 1014 malo
812 973 842 1014 ¹.
858 973 1070 1015 »Liberati
1091 987 1111 1014 a
1141 974 1251 1014 malo
1274 988 1434 1022 sumus,
1454 975 1552 1015 dum

172 1053 268 1079 vere
290 1038 424 1080 Deum
445 1038 642 1080 timemus
659 1071 667 1085 ‚
689 1047 731 1079 et
749 1053 889 1080 amore
907 1038 999 1094 ejus
1019 1038 1077 1094 (1)
1099 1039 1240 1080 omnia
1264 1039 1434 1081 adversa
1457 1055 1555 1096 gau-

172 1104 321 1146 denter
357 1113 585 1162 portamus.
635 1105 754 1146 Tunc
794 1119 891 1145 vere
929 1119 1137 1161 pauperes
1179 1120 1341 1146 sumus.
1383 1105 1554 1147 Talibus

171 1184 349 1226 regnum
372 1171 577 1211 coelorum
601 1184 697 1210 vere
716 1169 992 1225 promittitur,
1024 1170 1176 1226 quibus
1199 1169 1354 1211 dicitnr
1373 1185 1382 1210 ε
1401 1189 1414 1207 α
1433 1170 1550 1212 Beati

172 1252 187 1275 n
202 1251 404 1293 pauperos
420 1236 585 1292 spiritu,
601 1235 799 1291 quoniam
814 1237 999 1292 ipsorum
1013 1244 1076 1277 est
1089 1251 1265 1294 regnum
1277 1236 1517 1278 coelorum².
1536 1252 1551 1273 ιι

170 1300 223 1342 Et
256 1301 364 1342 beati
398 1317 601 1358 pauperes
635 1301 784 1358 spiritu
825 1302 882 1356 (2)
917 1302 1134 1350 dicuntur,
1164 1303 1260 1358 quia
1294 1312 1391 1344 sunt
1424 1302 1463 1343 in
1489 1304 1551 1344 via

169 1366 462 1419 beatitudinis,
491 1367 584 1423 quia
626 1368 666 1408 in
704 1369 865 1408 mundo
889 1367 992 1409 nihil
1017 1367 1243 1416 habentes,
1271 1383 1458 1426 congrue
1492 1370 1551 1410 eis

171 1444 348 1489 regnum
366 1433 570 1474 coelorum
590 1433 864 1489 promittitur.

230 1496 297 1540 lV.
337 1497 374 1540 Ο
399 1498 515 1539 beata
540 1498 786 1554 paupertas!
809 1513 832 1539 ο
851 1497 1039 1554 jucunda
1057 1498 1310 1540 Sanctorum
1328 1500 1555 1554 possessio!

172 1578 197 1604 ο
222 1561 433 1604 ineffabile
456 1564 615 1604 bouum
654 1563 928 1604 Sanctorum!
954 1577 978 1604 o
1016 1563 1155 1604 laetitia
1186 1562 1368 1604 filiorum
1404 1564 1508 1606 Dei!
1534 1582 1558 1605 o

172 1628 370 1685 gaudium
394 1629 696 1686 sempiternum
718 1629 726 1669 l
750 1628 830 1670 Por
848 1637 886 1669 te
910 1629 1115 1669 coelorum
1134 1638 1311 1685 reguum
1338 1630 1554 1685 panditur,

172 1708 248 1750 por
271 1703 311 1735 te
333 1695 445 1736 Deus
470 1695 702 1750 acquiritur
722 1727 732 1742 ,
758 1709 833 1750 por
853 1703 891 1736 te
917 1694 1130 1735 humilitas
1155 1695 1426 1750 amplectitur
1449 1697 1558 1751 (sic),

173 1774 248 1815 per
265 1768 303 1800 te
320 1760 532 1800 daemones
545 1760 804 1816 affliguntur,
825 1773 900 1816 per
918 1768 959 1800 te
977 1759 1164 1801 infernus
1182 1759 1410 1807 clauditur,
1430 1774 1505 1816 per
1521 1768 1558 1802 te

172 1824 426 1866 Patriarchae
444 1825 633 1865 ditantur
651 1858 660 1871 ‚
680 1840 757 1881 per
780 1835 820 1866 te
837 1825 1062 1882 Propheta}
1080 1825 1291 1872 laetantur,
1314 1841 1389 1883 per
1406 1835 1447 1867 te
1468 1828 1558 1867 An-

173 1889 254 1944 geli
277 1889 526 1946 gloriantur,
555 1905 628 1946 per
653 1899 692 1930 te
711 1890 914 1946 Martyres
934 1890 1203 1940 reficiuntur,
1224 1907 1296 1948 por
1316 1900 1356 1933 te
1371 1891 1560 1949 Virgines

173 1963 448 2003 coronantur,
476 1960 516 1996 et
539 1955 693 1996 Paulus
718 1970 794 2011 prr
823 1964 861 1997 te
886 1957 1023 1997 clarus
1059 1956 1176 2001 civis,
1215 1956 1326 1997 mitis
1350 1956 1525 1999 effectus
1547 1991 1557 2005 ,

175 2011 225 2061 ad
251 2021 405 2061 coelum
428 2020 555 2062 hodie
578 2021 882 2062 sublimaturin
906 2021 1051 2078 gloria.
1070 2021 1106 2063 O
1121 2021 1299 2078 gloriosa
1316 2024 1557 2079 paupertas!

175 2100 200 2126 ο
223 2084 470 2127 deliciarum
509 2086 598 2127 funs
623 2087 632 2126 l
673 2101 697 2126 o
734 2087 1006 2128 eremitarum
1043 2087 1149 2128 vital
1181 2102 1204 2127 0
1249 2087 1557 2129 coenobitarum

177 2151 354 2192 norma!
387 2151 447 2193 Te
469 2151 621 2208 pagani
648 2151 948 2209 magnificant,
995 2161 1034 2194 te
1071 2153 1203 2194 Judaei
1242 2146 1477 2200 honorant,
1520 2162 1559 2195 te

177 2215 402 2257 Christiani
439 2215 701 2272 glorificant,
748 2225 788 2259 te
822 2217 970 2275 Augeli
1015 2219 1239 2266 decoraut3
1281 2218 1378 2274 quia
1412 2236 1425 2255 ‹-
1441 2218 1557 2260 Beati

176 2295 412 2337 »pauperes
435 2281 583 2338 spiritu
607 2314 617 2329 ,
643 2281 736 2338 quia
764 2282 948 2340 ipsorum
984 2292 1048 2324 cst
1082 2296 1259 2340 regnum
1284 2284 1504 2324 coelorum.
1534 2303 1547 2322 υ

177 2345 250 2386 Isti
269 2346 393 2392 etiam
412 2354 510 2389 sunt
528 2347 650 2389 mites
664 2380 674 2395 ,
689 2362 871 2404 quorum
891 2348 1095 2406 possessio
1117 2349 1198 2390 erit
1219 2349 1259 2389 in
1283 2357 1393 2391 terra
1416 2348 1560 2390 viven-

178 2410 325 2453 tium³.
355 2412 406 2454 Et
423 2427 550 2469 quem
574 2414 719 2455 mitem
740 2415 1021 2472 appellamus,
1040 2414 1117 2456 nisi
1137 2426 1368 2471 pauperem
1389 2414 1561 2472 spiritu?

177 2474 301 2519 Solus
320 2477 432 2520 enim
453 2478 563 2521 mitis
586 2488 650 2521 est
668 2479 736 2521 ille
752 2481 822 2537 qui
843 2481 952 2522 nulla
973 2480 1032 2521 ira
1057 2479 1278 2538 frangitur,
1301 2480 1415 2523 nulla
1434 2480 1561 2523 tribu-

186 2617 190 2621 ,
228 2583 237 2604 ¹
260 2583 378 2615 Maub.
397 2595 441 2624 vl,
468 2585 521 2618 13.
542 2602 585 2608 —
606 2582 688 2618 21d.
709 2595 738 2623 v,
759 2587 792 2618 3.
815 2604 855 2608 —
872 2582 986 2617 ³1bid.
1009 2593 1041 2621 4.

228 2662 274 2705 (¹1
296 2663 376 2698 (lod,
397 2664 457 2697 siai.
477 2681 522 2689 ·—
538 2662 591 2711 (2)
612 2665 662 2699 ld.
685 2665 777 2696 iterat
800 2665 881 2696 in'ale
899 2665 998 2702 beati,
1020 2673 1077 2709 pro
1096 2667 1222 2707 spirim.

1351 2752 1426 2783 21.
