1868 3301
325 325 418 383 468
586 341 622 373 s.
668 341 917 373 Aucus'rmi
952 341 1157 372 EPISCOPI
1194 341 1432 374 APPENDIX.

325 424 419 450 cum
438 424 513 451 suo
525 409 716 466 pignore,
732 408 972 466 suspendite
989 407 1080 462 ejus
1097 407 1286 449 Matrem.
1309 408 1401 451 Non
1419 409 1555 466 parcis
1572 409 1694 467 proli3

324 483 365 515 et
388 474 511 522 mihi,
540 482 640 531 peto
660 507 670 522 ,
696 488 778 515 non
799 488 958 531 parcas.
985 472 1048 515 Tu
1070 472 1174 513 mihi
1203 472 1304 522 soli,
1331 489 1444 516 mors
1466 474 1695 524 horribilis,

323 554 427 584 saeva
450 548 562 589 esto,
588 538 681 595 quia
709 547 809 580 tunc
846 552 1010 580 summe
1040 539 1286 594 gauderem,
1313 538 1345 579 si
1378 554 1544 596 possem
1573 539 1701 583 simul

323 619 525 646 cummeo
545 604 652 645 mori
670 604 781 646 dulci
796 604 902 645 Filio
919 604 997 658 (1).
1019 603 1100 645 Sed
1125 617 1237 645 mors
1258 611 1402 660 optata
1426 606 1612 654 recedit;
1638 620 1698 647 vae

321 670 425 711 mihi
454 668 634 711 infelici!
673 669 794 717 Tibi,
832 668 958 716 Jesu,
1000 669 1261 725 praecipitata
1291 668 1357 725 (2)
1386 669 1528 719 venit;
1563 671 1699 712 multo

321 735 423 777 mihi
438 735 588 776 melius
610 735 717 776 mori
734 767 744 783 ³
770 749 895 790 quam
921 734 1050 776 vitam
1073 733 1230 775 ducere
1253 734 1428 783 mortis;
1453 735 1526 776 sed
1548 734 1656 792 fugis
1679 750 1700 776 a

319 800 495 849 misera,
521 808 563 842 et
584 815 652 842 me
685 800 895 841 infelicem
921 799 982 855 (5)
1014 798 1220 856 relinquis
1239 832 1249 848 ,
1286 800 1354 842 cui
1378 814 1494 842 nunc
1517 801 1702 842 multum

319 866 409 923 ipsa
438 881 549 907 mors
568 875 678 908 esset
698 873 853 923 optata.
870 865 906 907 O
925 865 1005 907 Fili
1026 865 1171 913 chare,
1198 865 1382 923 benigne
1399 874 1514 915 nate,
1539 865 1703 908 miserae

327 931 471 973 Matris
494 931 662 988 suscipe
684 945 849 988 preces3
875 930 1019 972 desine
1041 930 1162 972 Matri
1185 945 1299 973 nunc
1332 946 1422 973 esse
1455 932 1608 980 durus,
1631 931 1703 988 qui

319 1010 489 1053 semper
512 996 677 1038 cunctis
702 995 814 1037 fuisti
834 996 1060 1053 benignus.
1091 995 1268 1053 Suscipe
1288 995 1465 1039 Matrem
1490 1005 1633 1039 tecum
1656 997 1703 1038 in

317 1076 488 1103 crucem
506 1094 515 1109 ,
537 1069 581 1102 ut
601 1060 711 1102 vivat
727 1076 894 1117 semper
917 1070 1057 1102 tecum
1079 1069 1174 1117 post
1187 1069 1383 1103 mortem.
1404 1060 1579 1103 Dulcius
1600 1060 1703 1103 mihi

315 1127 373 1168 nil
397 1135 507 1168 esset
533 1141 659 1175 vere,
685 1141 812 1182 quam
846 1135 887 1168 te
916 1125 958 1167 in
990 1140 1118 1168 cruce
1154 1127 1435 1184 amplexando
1471 1135 1635 1174 tenere3
1662 1134 1705 1168 et

317 1192 498 1233 amarius
517 1192 576 1233 nil
597 1200 714 1233 certe
736 1201 800 1234 est
820 1192 942 1239 mihi,
964 1207 1091 1248 quam
1119 1199 1210 1248 post
1234 1199 1351 1233 tuam
1365 1200 1548 1233 mortem
1564 1192 1705 1233 vivere

317 1256 460 1298 tristis.
493 1257 530 1299 O
553 1266 598 1298 tu
621 1257 725 1298 mihi
750 1267 886 1314 pater,
915 1265 960 1298 tu
983 1257 1088 1298 mihi
1109 1265 1261 1304 mater,
1294 1265 1336 1298 tu
1360 1257 1462 1298 mihi
1489 1272 1667 1314 sponsus
1692 1290 1703 1307 ‚

317 1331 363 1364 tu
377 1323 478 1363 mihi
502 1321 610 1363 filius
625 1356 635 1371 ,
664 1331 708 1364 tu
727 1322 830 1363 mihi
855 1322 996 1364 omnia
1016 1337 1122 1363 eras.
1147 1322 1269 1364 Nunc
1293 1322 1424 1363 orbor
1446 1330 1588 1379 patre,
1607 1336 1703 1364 ma—

317 1396 421 1428 trem
446 1387 530 1442 jam
558 1389 713 1443 perdo,
744 1387 895 1428 viduor
920 1401 1074 1443 sponso
1096 1420 1106 1434 ‚
1127 1387 1298 1428 desolor
1324 1387 1455 1443 prole.
1477 1386 1546 1429 Vae
1569 1386 1673 1427 mihi
1693 1386 1702 1426 1

317 1468 375 1494 vm
395 1452 498 1493 mihi
516 1453 524 1493 1
541 1467 600 1493 vae
624 1452 753 1493 mihi!
780 1452 876 1503 Quo
894 1453 1060 1499 vadam,
1079 1452 1157 1493 Fili
1181 1452 1239 1492 mi
1263 1451 1525 1500 charissime,
1550 1453 1617 1492 vel
1634 1451 1704 1492 ubi

315 1533 383 1559 me
405 1526 582 1564 vertam,
610 1525 728 1573 pater
746 1516 1050 1559 dilectissime?
1073 1516 1177 1567 Quis
1198 1516 1301 1558 mihi
1323 1518 1519 1558 solatium
1545 1516 1706 1573 praebe-

318 1583 401 1631 hit,
433 1582 649 1639 piissime?
688 1581 779 1638 quis
809 1582 913 1622 mihi
945 1581 1178 1622 subsidium
1212 1581 1451 1637 praestabit,
1487 1581 1705 1638 benignis-

317 1647 457 1690 sime?
479 1648 711 1689 Consilium
746 1648 798 1688 de
833 1656 987 1688 caetero
1018 1663 1040 1688 a
1065 1662 1151 1702 quo
1186 1656 1330 1703 petam
1348 1680 1359 1696 ‚
1401 1646 1705 1688 sanctissime?

319 1712 427 1755 Sunt
444 1712 583 1754 omnia
607 1711 823 1770 possibilia
843 1712 935 1760 tihi,
954 1711 1033 1753 Fili
1054 1712 1136 1759 mi3
1163 1712 1238 1752 sed
1249 1712 1282 1752 si
1299 1726 1384 1753 non
1407 1712 1466 1753 vis
1485 1720 1530 1753 ut
1550 1712 1706 1754 moriar

319 1787 461 1821 tecum
480 1812 489 1827 ‚
511 1779 613 1820 mihi
639 1778 809 1834 aliquod
833 1777 1057 1819 consilium
1081 1777 1341 1833 derelinque.
1372 1795 1387 1816 n

381 1843 448 1886 IV.
488 1844 563 1884 Cui
582 1843 788 1885 Dominus
806 1842 951 1884 anxius
972 1841 1058 1898 jam
1073 1842 1114 1883 in
1127 1857 1255 1884 cruce
1279 1842 1411 1884 oculis
1429 1851 1472 1884 et
1494 1843 1612 1885 vultu
1631 1857 1705 1884 an-

322 1924 456 1951 nuens
479 1910 530 1950 de
546 1908 712 1950 Joanne
736 1909 791 1949 ait
813 1910 865 1950 ad
886 1908 999 1949 illam
1027 1922 1069 1948 z«
1090 1907 1255 1954 Mulier,
1280 1922 1382 1949 ecce
1400 1906 1509 1949 filius
1534 1907 1697 1950 tuus¹.2›

322 1975 424 2016 Erat
442 1989 625 2032 praescns
649 1982 689 2015 et
713 1974 801 2031 ipse
817 1973 1004 2015 Joannes
1022 1975 1139 2015 vultu
1163 1973 1294 2014 tristis
1309 2008 1317 2021 ,
1342 1974 1541 2029 lacrymis
1564 1988 1707 2031 super-

326 2040 453 2081 fusus.
470 2038 531 2081 Ac
550 2038 582 2080 si
598 2039 758 2080 diceret
781 2054 820 2079 2«
839 2038 876 2080 Ο
897 2046 1034 2080 mater
1051 2037 1327 2089 sanctissima,
1343 2040 1394 2079 ad
1412 2037 1600 2080 flendum
1618 2053 1707 2080 sua-

328 2104 386 2146 vis
400 2137 410 2153 ,
437 2113 477 2145 et
496 2104 632 2146 mollis
656 2105 707 2145 ad
725 2104 954 2145 dolendum
969 2136 979 2152 ,
1004 2112 1048 2144 tu
1071 2102 1151 2144 scis
1176 2102 1272 2158 quia
1292 2103 1342 2144 ad
1356 2104 1436 2144 hoc
1456 2104 1549 2144 veni
1566 2135 1575 2151 ‚
1596 2105 1647 2145 de
1666 2112 1708 2145 te

328 2184 498 2212 carnem
525 2184 763 2218 assumens,
787 2178 974 2226 utgenus
994 2169 1227 2210 humanum
1248 2169 1298 2209 ad
1316 2169 1493 2209 salutem
1512 2184 1586 2226 per
1608 2183 1708 2211 cru-

331 2236 389 2278 cis
412 2236 647 2292 patibulum
670 2249 911 2276 revocarem
942 2249 949 2274 :
971 2234 1050 2275 scis
1072 2234 1185 2275 enim
1206 2234 1321 2289 quod
1344 2242 1512 2290 oportet
1534 2249 1601 2275 me
1627 2248 1706 2291 pro

331 2301 495 2357 generis
513 2301 688 2342 humani
713 2301 846 2342 salute
863 2299 971 2340 mori
1000 2300 1088 2355 (4);
1115 2299 1183 2340 die
1204 2314 1387 2354 namque
1415 2299 1534 2340 tertia
1564 2314 1707 2341 resur-

332 2381 425 2424 gam
443 2399 453 2414 ,
479 2365 554 2406 tibi
577 2373 617 2407 et
643 2365 747 2407 meis
771 2363 986 2420 discipulis
1002 2364 1160 2421 pariter
1184 2378 1401 2421 apparens,
1431 2363 1544 2406 Alias
1565 2362 1708 2420 Scrip-

333 2440 436 2472 turae
458 2431 673 2487 quomodo
696 2430 1015 2487 implebuntur?
1046 2429 1155 2486 Ergo
1191 2429 1335 2471 desine
1371 2427 1500 2477 flere,
1541 2429 1707 2471 dolores

381 2555 391 2576 ¹
413 2555 508 2584 Joan.
529 2563 594 2589 xix,
614 2553 670 2585 26,

381 2633 431 2678 (ι)
447 2633 527 2667 (jod.
546 2634 640 2664 dulce
657 2633 790 2665 miserae.
808 2650 852 2657 —
869 2634 917 2674 (α)
936 2632 984 2666 Id.
1002 2632 1186 2675 praecipita.
1209 2650 1249 2657 -
1273 2630 1322 2676 (3)
1339 2630 1389 2665 Id.
1406 2630 1644 2672 malcfelc'cem.
1661 2647 1706 2654 ——

332 2691 380 2735 (4)
403 2694 496 2722 Deest
513 2690 593 2720 mori
606 2690 636 2721 in
656 2689 725 2721 rod.
