1885 3284
380 311 472 356 906
637 326 671 354 S.
719 323 956 352 AUGtYSTtM
997 322 1196 350 Et’lscot’t
1236 322 1470 351 Arpssxmx.

379 392 672 436 »latitaverant
693 402 790 430 cum
813 386 973 429 caeteris
1002 386 1258 443 fugientibus
1278 404 1288 435 ;
1316 387 1600 444 praecepitque
1623 385 1751 428 Josue

379 472 526 515 »reges
540 454 700 498 extrahi
717 454 768 494 de
780 453 999 509 spelunca,
1016 460 1057 492 et
1074 451 1128 491 ait
1143 452 1193 493 ad
1207 452 1416 509 principes
1438 451 1645 493 exereitus
1666 450 1749 491 sui:

380 543 395 563 »
412 523 472 565 lte
491 531 533 564 et
555 520 698 579 ponito
719 517 846 575 pedes
865 531 991 572 super
1009 517 1115 558 colla
1133 531 1280 573 regum
1305 517 1478 559 istorum
1501 549 1510 565 ,
1536 531 1619 572 quo
1645 515 1754 557 sacto

380 586 652 645 »suspendite
685 600 756 627 eos
780 583 821 625 in
856 583 1044 639 quinque
1075 583 1319 640 stipitibus;
1347 593 1389 624 et
1415 582 1626 624 interfecit
1657 596 1729 623 eos
1747 613 1756 627 ,

381 654 666 710 »fueruntque
685 649 876 706 suspensi
892 663 1024 704 usque
1049 649 1101 690 ad
1123 664 1354 707 vesperam.
1378 648 1570 704 Cumque
1589 662 1758 689 occum-

383 720 531 762 »beret
553 719 639 766 sol,
663 715 865 774 praecepit
880 713 1010 755 Josue‘
1033 721 1078 755 ut
1096 714 1411 771 deponerentur
1435 728 1455 754 a
1479 712 1699 770 patibulis,
1717 720 1760 754 ct

383 783 603 842 »projecta
625 789 722 824 sunt
745 780 898 822 horum
920 793 1066 835 regum
1088 793 1264 837 corpora
1292 779 1332 820 in
1369 780 1568 835 spelunca
1583 811 1593 826 ,
1620 777 1760 833 inqua

382 849 691 895 »latitaverant,
712 854 753 887 et
769 843 903 902 posita
927 853 1023 886 sunt
1046 859 1140 886 saxa
1165 860 1313 902 magna
1338 860 1466 902 super
1485 842 1718 886 cadavera¹.
1735 862 1750 881 n

383 917 481 958 Haec
509 913 620 957 enim
656 911 789 968 figura
813 924 962 967 pugnae
1001 917 1181 962 nostrae‚
1213 910 1361 952 fratres
1389 909 1655 957 charissimi,
1681 917 1758 955 est,

384 981 480 1038 quia
509 979 641 1021 Josue‘
664 976 858 1019 Christus
881 983 943 1017 cst
961 1009 970 1024 ‚
992 977 1173 1033 populns
1200 977 1327 1018 lsrael
1351 974 1496 1017 fideles
1518 983 1630 1022 sunt,
1656 989 1761 1030 quos

383 1046 588 1089 Dominus
605 1041 836 1085 introduxit
861 1041 901 1082 in
926 1046 1080 1083 terrain
1114 1042 1344 1083 viventium
1360 1074 1368 1087 ‚
1395 1042 1563 1094 quando
1585 1041 1698 1081 venit
1721 1041 1761 1081 in

383 1112 590 1154 mundum
616 1125 624 1151 :
651 1117 751 1150 tunc
774 1106 968 1148 inimicos
996 1114 1161 1149 nostros
1183 1106 1420 1148 debellavit.
1449 1104 1694 1147 Gabaonitae
1717 1103 1761 1145 fi-

383 1178 498 1220 deles
518 1183 639 1221 sunt‚
664 1174 734 1230 qui
759 1188 835 1230 per
855 1171 982 1213 fidem
1007 1172 1175 1214 Christo
1200 1172 1392 1214 associati
1421 1180 1543 1219 sunt;
1576 1171 1761 1226 quinque

383 1258 502 1301 reges
517 1275 526 1290 ,
550 1241 737 1298 quinque
760 1253 904 1280 sensus
918 1245 1037 1288 sunt,
1052 1238 1121 1294 qui
1140 1238 1298 1279 animas
1323 1236 1511 1278 fidelium
1534 1234 1760 1290 subjugare

383 1316 613 1354 conantum
639 1305 714 1347 sed
745 1312 790 1345 ut
810 1302 957 1344 fideles
987 1302 1232 1344 Gabaonitae
1257 1317 1440 1359 pugnam
1464 1301 1679 1348 sentiunt,
1708 1301 1760 1341 ad

382 1375 584 1418 auxilium
602 1371 757 1418 «1050ὲέ,
783 1370 946 1411 scilicet
977 1368 1133 1410 Christi
1154 1369 1424 1425 confugiunt;
1449 1367 1640 1408 Christus
1663 1380 1760 1408 vero

378 1453 455 1496 per
477 1452 571 1479 suos
585 1434 884 1492 praedicatores
912 1433 1101 1488 quinque
1124 1448 1258 1489 reges,
1283 1432 1446 1474 scilieet
1465 1432 1650 1488 quinque
1671 1445 1761 1472 cor·-

381 1503 494 1561 poris
518 1515 686 1545 sensus,
714 1497 955 1554 aggreditur
978 1498 1215 1553 praestando
1245 1497 1444 1539 auxilium
1469 1496 1691 1539 resistendi
1718 1505 1759 1537 et

382 1566 604 1613 vincendi3
639 1563 799 1621 lapides
831 1576 930 1604 vero
967 1562 1036 1618 qui
1072 1564 1124 1604 de
1163 1564 1270 1604 coelo
1292 1563 1632 1609 descendebant,
1658 1561 1759 1616 quid

382 1631 495 1675 aliud
531 1638 628 1672 sunt
656 1643 783 1685 quam
812 1626 974 1684 flagella
1012 1628 1164 1684 quibus
1197 1628 1307 1669 Deus
1331 1628 1523 1669 hominos
1548 1626 1720 1682 corrigit
1746 1659 1755 1674 ,

379 1712 550 1741 carnem
575 1697 746 1740 domat,
777 1702 818 1734 et
857 1707 1053 1734 sensuum
1087 1695 1322 1750 voluptates
1346 1693 1667 1750 comprimendo
1691 1693 1758 1733 de-

381 1760 547 1805 bilitat?
573 1760 645 1802 Sol
668 1766 710 1800 et
727 1759 828 1799 luna
851 1766 1058 1800 steterunt
1080 1759 1214 1815 spatio
1237 1759 1361 1800 unius
1386 1759 1491 1807 diei,
1516 1758 1611 1815 quia
1637 1766 1758 1799 ante-

376 1844 502 1887 quam
527 1826 718 1868 Christus
740 1823 781 1865 in
800 1825 1007 1865 mundum
1024 1825 1184 1866 veniret
1203 1858 1211 1873 ,
1231 1827 1328 1867 luna
1342 1858 1351 1873 ,
1373 1825 1532 1867 scilicet
1550 1824 1756 1874 Ecclesia,

379 1893 603 1936 deficiebat
623 1923 632 1939 ,
652 1899 693 1932 et
717 1904 800 1931 non
824 1890 874 1930 ad
901 1903 1101 1931 occasum
1127 1891 1349 1938 tendebat,
1370 1889 1466 1946 quia
1494 1890 1617 1946 pauci
1639 1899 1758 1932 erant

379 1957 535 2001 Christi
569 1956 724 1998 fideles.
766 1954 859 2003 Sol,
896 1954 939 1996 id
961 1964 1045 2002 est,
1073 1955 1289 2006 Christus,
1317 1956 1544 2003 transibat,
1567 1955 1663 2012 qnia
1692 1957 1752 2012 (t)

377 2029 675 2082 peecaverunt.
703 2020 914 2075 Tempore
937 2020 1078 2075 gratiae
1098 2021 1213 2062 stetit
1236 2021 1323 2077 ipse
1346 2022 1406 2062 sol
1431 2021 1600 2076 justitiae
1621 2053 1631 2067 ‚
1655 2022 1754 2062 dum

377 2097 563 2132 mentem
580 2100 753 2128 suorum
778 2085 929 2125 ardore
951 2084 1046 2127 fidei
1072 2101 1155 2126 sum
1178 2085 1469 2135 inflammavit,
1489 2087 1756 2128 etstatusille

377 2163 467 2196 erat
484 2153 606 2195 unius
627 2151 733 2203 diei,
760 2151 799 2191 id
822 2160 883 2192 est
899 2183 909 2199 ,
934 2159 1019 2191 toto
1042 2160 1229 2208 tempore
1246 2152 1400 2209 gratiae.
1426 2152 1625 2208 Quinque
1643 2152 1754 2193 enim

376 2234 493 2276 reges
523 2219 738 2260 latuerunt
761 2216 798 2257 in
823 2217 1023 2271 spelunca
1042 2249 1050 2265 ‚
1070 2217 1164 2272 quia
1198 2218 1383 2273 quinque
1417 2232 1561 2259 sensus
1584 2232 1756 2274 semper

376 2286 483 2327 infra
509 2292 664 2326 terram
684 2283 987 2337 demerguntur
1000 2299 1011 2330 3
1026 2283 1220 2324 sedDeus
1238 2284 1415 2325 extraxit
1431 2298 1503 2326 eos
1520 2298 1541 2325 a
1560 2283 1751 2330 terrenis,

373 2359 416 2394 et
440 2349 656 2406 suspendit
678 2362 749 2389 eos
774 2347 815 2388 in
840 2348 1030 2402 patibulo
1053 2349 1191 2389 crucis
1213 2349 1486 2405 poenitentiae.
1513 2349 1754 2391 'sunebene

375 2415 574 2473 praecepit
595 2413 725 2456 Josue'
745 2445 754 2461 ‚
778 2411 968 2454 Christus
984 2445 994 2461 ,
1024 2421 1068 2455 ut
1092 2415 1198 2455 colla
1221 2414 1403 2471 pedihus
1423 2415 1750 2463 conculcentur,

421 2526 433 2550 ¹
450 2527 561 2559 Josuc.
580 2536 616 2563 x,
642 2535 754 2563 ¹2·'²7·

419 2604 468 2650 (ι)
483 2608 559 2638 Haec
576 2615 657 2644 vox,
673 2610 706 2636 et
730 2614 792 2636 vox
810 2612 961 2647 mentem,
974 2615 1045 2648 quae
1061 2605 1179 2637 deiude
1197 2606 1355 2648 sequitur,
1374 2607 1427 2638 vix
1444 2613 1602 2651 apparent
1618 2607 1650 2640 in
1669 2609 1752 2647 cod..

370 2666 402 2696 et
419 2661 511 2705 quui
527 2659 690 2705 opinando
707 2659 932 2694 restituuntur.
