1885 3284
103 209 246 243 sunno
281 210 324 253 L,
360 209 416 242 DE
453 208 607 241 PEREG.
652 207 779 240 mmm
817 206 906 239 sne.
952 206 1079 238 rmm
1116 206 1311 238 mscuffi.
1381 191 1471 243 263

159 277 191 319 Ι.
228 276 607 328 Aun1sr1s‚sratres
630 273 884 321 charissimi,
905 273 1018 330 quod
1042 272 1141 315 dum
1163 281 1300 314 essent
1327 275 1385 328 (1)
1416 274 1472 316 illi

103 340 259 385 Christi
283 341 490 398 Discipuli
512 352 658 384 eunies
683 340 723 381 in
759 339 998 386 castellum,
1035 337 1241 394 Cleophas
1277 338 1474 382 videlieet

101 415 144 449 et
163 407 319 456 Lucas,
346 406 558 464 perfectus
579 406 654 448 Dei
672 405 812 448 Matris
838 404 1031 446 Notarius
1049 437 1058 452 ,
1076 403 1189 459 virgo
1216 418 1235 444 a
1257 402 1345 445 Deo
1369 404 1475 445 clec-

101 479 168 514 tus
185 504 195 524 ,
220 472 292 529 qui
310 471 437 514 ctiam
462 470 602 514 crucis
637 469 1010 512 mortificationem
1034 468 1077 510 in
1100 483 1175 510 suo
1199 483 1376 525 corporo
1400 484 1474 525 pro
1496 525 1499 528 ‚

101 536 256 580 Christi
273 537 444 580 nomine
464 535 666 594 portavit¹
686 537 895 584 loetanter3
910 543 1056 577 euntes
1081 534 1261 589 (lenique
1276 534 1316 575 in
1329 534 1477 579 castel-

100 600 187 643 lum
204 634 215 651 ,
243 610 285 645 et
303 601 645 648 confabulantes,
677 602 728 643 de
753 601 800 643 iis
818 615 908 657 quae
933 600 1173 642 acciderant
1195 599 1383 642 dolentes
1403 632 1413 647 ‚
1436 607 1479 642 et

101 666 218 724 quasi
237 667 288 709 do
309 682 455 710 eorum
470 667 754 725 Redemptore
775 665 1034 714 diffidentem
1062 665 1253 723 apparuit
1275 665 1316 707 in
1338 664 1477 708 medio

100 746 247 774 eorum
274 733 520 790 peregrinus
537 733 629 781 ille,
654 733 724 789 qui
746 733 859 774 solus
882 730 959 773 suit
981 731 1057 774 Dei
1077 731 1210 774 Patris
1231 730 1361 772 Filius
1381 763 1391 779 ‚
1413 745 1475 772 so-

99 798 164 839 lus
191 797 368 856 Virginis
385 798 691 856 primogenitus
705 831 715 846 ,
737 799 850 840 solus
871 798 960 840 sine
974 805 1149 854 peccato
1166 797 1348 851 genitus.
1364 797 1477 841 solus

100 863 190 905 sine
221 865 386 905 macula
417 864 586 921 triginta
621 864 754 906 tribus
784 864 905 906 annis
930 863 971 905 in
1002 864 1155 905 saeculo
1178 870 1474 910 conversatus,

99 929 214 970 solus
240 938 406 971 nostros
429 930 655 986 languores
684 944 834 971 sanans
867 929 924 985 (2)
950 962 958 975 ,
988 929 1102 970 solus
1124 927 1282 969 animas
1304 941 1478 969 suorum

99 992 392 1044 inflammans,
416 994 528 1036 solus
551 994 710 1036 animas
737 994 911 1036 abluens
927 1026 937 1042 ,
961 995 1075 1036 solus
1104 1001 1276 1049 peccata
1299 990 1478 1035 concul-

99 1073 223 1110 canS,
248 1061 361 1103 solus
388 1068 644 1103 tentamenta
656 1075 734 1118 pro
750 1060 870 1102 nobis
888 1068 1075 1117 portam,
1093 1059 1204 1100 solus
1227 1059 1280 1103 ad
1297 1067 1478 1102 mortem

99 1139 176 1181 pro
206 1125 327 1168 nobis
349 1140 393 1168 se
410 1140 653 1184 praeparans
669 1159 679 1173 ,
694 1126 806 1167 solus
828 1126 971 1168 clauso
992 1126 1187 1181 sepulcro
1204 1125 1476 1172 resuscitans,

99 1191 211 1232 solus
221 1191 273 1232 ad
285 1190 667 1248 Discipulosjanuis
680 1191 830 1234 clausis
844 1199 1081 1247 penetrans.
1103 1190 1357 1233 Fabulantes
1372 1205 1473 1248 crgo

99 1255 338 1313 Discipulos
356 1256 588 1313 interrogat
608 1272 616 1298 :
635 1274 650 1294 α
666 1256 748 1307 Qui
762 1261 860 1297 sunt
879 1256 921 1297 hi
940 1270 1168 1305 sermones,
1189 1269 1293 1311 quos
1308 1255 1470 1298 consor-

100 1339 116 1361 ι
130 1321 180 1363 tis
200 1322 440 1365 adinvicem
451 1323 730 1370 ambulantes,
744 1330 786 1364 et
801 1322 898 1377 estis
912 1320 1076 1363 tristes?
1094 1321 1146 1364 Et
1165 1321 1220 1363 ait
1236 1321 1467 1378 Cleophas:

99 1386 194 1429 »Tu
227 1387 339 1429 solus
369 1385 638 1444 peregrinus²
657 1386 675 1428 Ρ
693 1407 708 1425 »
742 1386 848 1428 Vere
875 1387 988 1428 solus
1021 1387 1280 1443 peregrinus,
1307 1386 1375 1428 cui
1403 1387 1463 1440 (5)

99 1453 335 1495 secundum
358 1454 560 1494 saeculum
583 1451 740 1493 habere
758 1466 841 1492 non
858 1452 1037 1508 poterit3
1062 1466 1159 1493 vere
1180 1451 1475 1509 peregrinuset

100 1520 279 1567 advena,
302 1533 398 1562 vere
412 1518 545 1560 viator
565 1533 643 1575 pro
665 1518 786 1560 nobis
803 1518 938 1560 sactus
956 1526 1042 1567 est3
1063 1533 1159 1560 vere
1178 1518 1420 1575 peregrinus
1435 1517 1476 1561 in

98 1584 305 1642 praesepio
327 1617 337 1633 .
362 1599 459 1626 vere
483 1583 727 1641 pcregrinus
749 1583 968 1641 intemplo
990 1617 1000 1632 ,
1025 1599 1124 1626 vere
1161 1584 1409 1641 peregrinus
1433 1584 1475 1625 in

99 1649 343 1698 coenaculo,
367 1664 464 1690 vere
482 1649 726 1707 peregrinus
759 1649 800 1690 in
826 1649 985 1690 mundo
1005 1666 1016 1696 ;
1042 1664 1139 1691 vere
1162 1649 1408 1706 peregrinus
1431 1649 1475 1692 in

99 1714 305 1772 patibulo,
324 1728 421 1755 vere
433 1714 678 1770 peregrinus
694 1713 735 1754 in
752 1715 960 1770 sepulcro,
975 1713 1156 1772 «Vulpes
1174 1722 1315 1756 autem
1338 1715 1475 1757 foveas

101 1799 116 1820 ι)
131 1780 288 1823 habent
309 1788 352 1821 et
374 1780 566 1822 volucres
588 1779 683 1822 coeli
705 1779 853 1829 nidos;
882 1798 896 1819 a
918 1782 1029 1822 solus
1063 1790 1208 1822 autem
1231 1781 1476 1838 peregrinus

109 1864 125 1885 (ι
147 1861 230 1888 non
266 1844 417 1887 habuit
442 1845 512 1886 ubi
537 1853 664 1902 caput
691 1844 960 1888 reclinaret³.
988 1864 1003 1886 ι)
1041 1846 1353 1888 Erubescamus
1374 1861 1474 1903 ergo

99 1926 175 1954 nos
199 1909 270 1968 qui
292 1909 439 1954 divites
461 1917 502 1951 et
515 1909 625 1952 cives
647 1924 893 1967 magnarum
918 1910 1136 1954 civitatum
1159 1926 1250 1953 esso
1263 1911 1473 1969 cupimus.

100 1975 211 2018 Ecce
239 1975 352 2018 enim
385 1974 574 2018 Salvator
600 1988 760 2025 noster,
792 1977 864 2033 qui
898 1985 1052 2019 cuncta
1086 1992 1137 2019 cx
1181 1970 1325 2019 nihilo‘
1345 1976 1471 2030 fecit,

100 2041 269 2098 quando
290 2039 448 2089 voluit,
471 2048 514 2083 et
535 2048 678 2084 tamen
695 2042 854 2084 advena
876 2050 918 2084 et·
941 2043 1188 2100 peregrinus
1204 2050 1267 2084 est
1287 2041 1328 2083 in
1345 2042 1474 2089 domo

100 2116 258 2150 nostra.

159 2172 213 2215 ΙΙ.
249 2171 331 2215 Iste
375 2170 489 2214 enim
529 2171 777 2230 peregrinus
798 2205 809 2221 ,
850 2173 1034 2217 sociatus
1080 2174 1166 2216 suis
1212 2174 1440 2232 Discipulis
1466 2207 1477 2223 ,

112 2255 128 2277 α
146 2237 324 2296 Aperuit
344 2237 424 2282 illis
437 2252 605 2280 sensum
623 2238 959 2297 utintelligerent
972 2239 1229 2297 Scripturas.
1248 2240 1300 2285 Et
1321 2255 1476 2299 appro-

149 2367 198 2400 12
214 2368 292 2402 Cor.
309 2379 354 2400 zv.
381 2378 494 2400 10.·--
510 2366 527 2390 ²
541 2370 619 2401 Luc.
641 2379 731 2408 xxiv,
751 2366 890 2403 18.—3
904 2369 952 2402 1d.
972 2380 1019 2407 xx,
1039 2369 1096 2402 58.

149 2465 330 2509 (1)Desunt
341 2463 408 2497 haec
420 2464 518 2497 verba
533 2467 609 2496 dum
623 2474 728 2497 essene
744 2465 777 2498 in
795 2467 879 2508 cod.,
897 2467 952 2510 qui
965 2466 1199 2499 nominativum
1211 2466 1408 2513 absolutum,
1422 2468 1474 2501 hio

97 2526 131 2554 ot
143 2520 233 2560 alins,
249 2519 393 2554 adhibet.
414 2538 460 2546 --
475 2518 529 2565 (ιι)
545 2520 612 2554 Cod
628 2529 763 2556 sanae...
781 2522 982 2559 inflammat.
1003 2541 1044 2547 —
1065 2522 1115 2566 (3)
1130 2521 1177 2555 td.
1194 2524 1297 2566 quod.
