1885 3284
379 350 523 384 sssnMo
558 350 646 391 mv,
691 352 743 382 niz
781 351 1055 384 AsrmsmNE
1092 351 1260 384 nomm
1297 354 1356 385 iv.
1465 341 1557 390 283

244 422 314 466 111.
354 421 438 464 Sed
467 418 577 461 dicet
604 419 694 476 quis
723 435 730 461 :
759 421 984 472 Quomodo
1006 420 1142 478 potuit
1165 436 1316 480 corpus
1339 437 1463 479 grave
1486 440 1559 469 sua

184 488 351 546 propria
377 486 530 528 virtute
555 487 782 529 ascendere
805 503 930 545 super
948 489 1128 536 coelum3
1150 503 1245 530 nam
1263 490 1353 530 lcve
1370 504 1553 541 sursum,

184 562 360 612 ctgrave
371 552 566 594 deorsum
583 552 754 594 tendere
767 553 780 610 (
792 555 826 610 1)
841 554 1028 596 naturale
1041 553 1128 596 cst?
1141 553 1400 603 Erubescite‚
1417 555 1560 599 infide-

180 619 262 667 lcs;
287 617 539 665 erubescite,
561 617 753 660 haerctica
780 619 981 676 pravitate
1005 618 1176 667 imbuti,
1204 628 1402 676 negantes
1421 620 1558 663 Deum

180 700 301 744 posse
323 696 447 743 gravo
471 684 661 725 attollere
688 683 769 738 (ει),
793 695 834 728 ct
857 686 1031 727 mortale
1056 686 1288 743 perducere
1315 687 1363 725 ad
1389 685 1558 728 immor-

181 750 397 794 talitatem.
422 750 547 792 Plano
571 749 802 792 conceditis
823 751 980 808 lapides
999 751 1154 793 habere
1176 751 1349 792 virtutes
1369 752 1557 794 occultas

179 817 336 859 serrum
374 815 589 858 trahentes
613 830 778 858 sursum
820 825 862 860 et
900 818 1110 860 deorsum.
1155 817 1280 859 Plane
1325 818 1558 861 conceditis

180 898 328 940 aquam
347 883 544 925 leviorem
564 898 653 923 esse
671 898 796 939 quam
822 891 994 934 terram,
1016 884 1111 941 quia
1126 899 1177 925 ex
1188 898 1272 925 uno
1285 884 1442 941 pugillo
1458 899 1556 941 pos-

177 956 275 991 sunt
302 946 394 990 fieri
431 948 490 1004 (5)
529 962 667 1004 aquae‚
696 950 809 1004 quod
840 958 980 991 tamen
1006 949 1262 1006 experientia
1284 964 1369 991 non
1393 948 1519 991 didici
1543 966 1552 998 ;

176 1022 219 1058 et
244 1021 385 1057 tamen
416 1028 521 1070 aqua
559 1028 726 1070 semper
760 1015 970 1057 invenitur
1006 1015 1084 1057 sub
1115 1024 1251 1064 terra,
1288 1015 1401 1057 unde
1439 1029 1556 1072 aquae

176 1080 385 1138 puteales,
409 1079 522 1121 unde
542 1077 741 1129 fontales,
767 1081 881 1122 unde
904 1095 1020 1137 aquse
1040 1080 1245 1124 fluviale-s.
1281 1081 1430 1123 Nonne
1453 1082 1555 1123 dum

177 1146 286 1188 terra
317 1145 475 1188 foditur
497 1159 601 1202 aqua
626 1145 876 1187 invenitur?
910 1145 1037 1188 Plane
1065 1146 1299 1189 conceditis
1333 1155 1376 1189 et
1408 1161 1554 1188 ascen—

176 1226 268 1254 sum
295 1212 375 1269 (4).
408 1207 571 1254 Videtis
609 1212 724 1268 quod
752 1215 823 1254 ae‘r
855 1221 896 1254 et
921 1220 1071 1255 ventus
1108 1212 1149 1254 in
1185 1211 1414 1255 visceribus
1434 1221 1556 1255 terrae

175 1284 414 1334 generatur,
448 1285 489 1319 et
524 1272 582 1319 ibi
611 1277 768 1320 diutius
801 1278 1048 1320 naturaliter
1082 1279 1311 1327 detinetur,
1337 1293 1555 1335 quousque

176 1342 479 1401 multiplicatus
503 1349 656 1385 terram
687 1343 834 1401 agitat,
860 1352 1024 1385 motum
1046 1352 1167 1386 terrae
1185 1353 1378 1402 generat,
1405 1353 1446 1386 rt
1472 1353 1555 1386 ter—

180 1419 269 1452 ram
281 1408 439 1452 dividit.
453 1409 580 1452 Plane
594 1409 798 1458 videmus,
812 1410 927 1466 quod
948 1409 987 1451 in
1007 1410 1121 1467 putei
1142 1410 1198 1466 (5)
1223 1409 1554 1468 profunditatem

177 1475 317 1517 statim
343 1478 410 1517 aer
438 1489 522 1516 non
546 1475 763 1517 descendit
785 1483 933 1517 natura
959 1474 1083 1524 levis,
1116 1475 1189 1518 sed
1219 1476 1271 1516 ad
1296 1475 1550 1533 profundum

176 1539 424 1583 naturaliter
445 1539 502 1582 ibi
523 1540 722 1597 quiescit;
748 1542 871 1598 plane
895 1540 1126 1583 conceditis
1155 1549 1197 1583 et
1221 1555 1454 1583 ascensum.
1479 1541 1552 1583 Vi-

177 1600 281 1649 detis
303 1605 418 1663 quod
446 1605 598 1648 nebula
620 1616 845 1664 generatur
880 1607 919 1649 in
945 1607 1143 1656 vallibus,
1167 1616 1208 1649 et
1230 1622 1251 1649 a
1279 1616 1404 1649 vento
1433 1607 1552 1664 aqui-

173 1669 308 1714 lonari
337 1687 412 1729 per
446 1672 595 1714 vallem
629 1673 800 1714 ducitur
825 1681 866 1715 et
891 1681 1101 1723 movetur,
1121 1681 1164 1714 et
1186 1682 1326 1715 tamen
1350 1674 1401 1715 ad
1424 1688 1552 1715 cacu-

173 1735 287 1778 mina
331 1737 539 1779 montium
588 1739 776 1780 elevatur
797 1771 806 1786 ,
857 1746 898 1780 et
944 1753 1079 1795 usque
1120 1739 1172 1780 ad
1211 1739 1400 1780 medium
1447 1738 1551 1780 aeris

174 1802 445 1846 interstitium
484 1802 751 1846 sublimatur.
793 1803 941 1846 Nonne
984 1804 1175 1846 videmus
1209 1820 1334 1847 canes
1366 1812 1407 1846 et
1430 1806 1550 1861 lupos

175 1881 308 1928 caecos
331 1877 574 1918 nascentcs;
601 1877 642 1911 et
661 1869 748 1911 visu
766 1869 881 1926 prius
900 1869 1066 1927 privati,
1091 1877 1130 1911 at
1147 1878 1289 1927 postea
1308 1869 1546 1919 illuminati,

174 1932 381 1976 viviscunt
397 1934 454 1990 (6)
475 1932 722 1991 PNumquid
739 1949 822 1976 non
851 1934 909 1992 (7)
928 1935 1089 1992 pulices
1104 1935 1220 1993 prius
1235 1935 1332 1984 albi,
1349 1943 1391 1977 et
1412 1935 1552 1978 statim

175 1995 277 2041 dum
300 1999 466 2049 vivunt,
492 1999 599 2057 nigri
621 1999 866 2042 efficiuntur
885 2000 902 2042 Ρ
924 2002 1133 2057 numquid
1155 2016 1238 2043 non
1262 2002 1440 2059 lepores,
1472 2002 1547 2042 sri—

173 2062 274 2122 gore
306 2074 510 2123 cogente,
542 2065 623 2108 albi
655 2065 931 2108 efficiuntur?
954 2066 1163 2124 numquid
1192 2083 1274 2108 non
1308 2082 1434 2125 super
1460 2067 1551 2108 Bri-

172 2128 391 2173 tannicum
427 2146 543 2173 mare
564 2140 626 2174 est
647 2133 840 2189 quaedam
873 2132 1032 2191 species
1062 2133 1245 2182 arboris,
1271 2148 1363 2189 quae
1385 2135 1549 2178 fructus

172 2196 394 2252 producit,
419 2205 459 2240 at
493 2205 635 2255 postea
669 2196 730 2255 (8)
759 2197 909 2241 transit
947 2199 987 2240 in
1016 2207 1208 2241 naturam
1230 2199 1411 2242 volatilis
1439 2199 1548 2242 avis?

170 2260 308 2305 Pauca
336 2262 517 2320 denique
551 2264 762 2312 videmus,
801 2272 843 2306 et
876 2279 1024 2321 magna
1064 2273 1161 2306 sunt
1197 2279 1323 2322 opera
1357 2265 1538 2308 Domini.

169 2325 386 2385 Numquid
408 2327 450 2370 in
465 2328 546 2370 vita
569 2328 773 2371 Dominus
798 2330 1066 2386 splendorem
1086 2330 1137 2371 ab
1163 2331 1311 2372 ardore
1329 2345 1412 2373 non
1431 2346 1548 2388 sepa-

171 2392 317 2441 rabat,
347 2401 388 2436 et
419 2393 460 2435 in
490 2393 623 2436 tribus
654 2394 819 2451 pueris,
859 2393 930 2451 qui
960 2393 1130 2436 suerunt
1157 2395 1199 2436 in
1231 2394 1402 2438 fornace
1442 2396 1546 2453 ignis

218 2509 269 2557 (1)
286 2515 380 2545 Deest
396 2514 526 2545 tendere
541 2514 574 2545 in
588 2513 707 2546 cod.-—
720 2513 771 2559 (2)
787 2514 868 2547 Cod.
887 2526 952 2546 non
962 2527 1060 2558 posse
1070 2527 1168 2558 grave
1179 2517 1374 2556 ascendere3
1389 2523 1421 2550 et
1435 2518 1551 2552 deinde

165 2568 356 2611 producere.
376 2584 419 2594 -—
440 2568 492 2615 (3)
510 2570 561 2602 Sic
576 2570 610 2603 in
629 2570 701 2603 cod.
717 2589 760 2595 -
779 2569 826 2615 (4)
853 2571 934 2605 Cod.
965 2573 1012 2603 ad
1036 2583 1183 2612 sensum,
1203 2578 1236 2604 et
1253 2572 1298 2605 sic
1314 2573 1478 2617 deinceps.
1502 2594 1548 2601 —

166 2622 216 2667 (5)
234 2624 284 2659 Id.
298 2625 417 2667 puceis.
431 2643 480 2650 —
495 2624 545 2670 (6)
563 2626 610 2659 Id.
626 2635 658 2659 ec
670 2626 744 2658 vica
755 2627 985 2670 priusprivnn}
1006 2636 1039 2660 et
1041 2637 1159 2671 postea
1181 2629 1362 2663 illuminati
1375 2630 1545 2667 viviscunc.

166 2695 213 2704 --·
224 2678 274 2726 (7)
291 2683 388 2715 Deest
404 2693 467 2714 non
481 2681 514 2715 in
527 2682 615 2727 cod.,
634 2687 666 2716 et
682 2683 727 2716 sic
746 2683 907 2729 deinceps.
921 2701 968 2709 --
980 2683 1033 2729 (8)
1046 2684 1126 2719 Cod.
1145 2693 1178 2718 et
1194 2694 1321 2729 postea.
