1885 3284
406 293 490 340 179,
661 294 692 323 S.
741 293 986 325 AUGUSTIN}
1025 296 1227 327 EPISCOPl
1269 296 1508 327 APPEanx.

399 359 583 414 gemisco
606 390 615 405 ‚
640 368 813 415 percute
850 369 1023 415 pectus,
1049 361 1219 403 effunde
1253 364 1482 418 lacrymas3
1513 361 1665 402 habeto
1696 376 1772 403 vo-

397 425 602 465 luntatem
628 425 853 477 reddendi,
877 426 908 465 si
939 427 1071 482 possis
1099 428 1184 481 (ι),
1223 429 1294 469 sed
1332 428 1363 468 si
1396 425 1646 484 possibilitas
1684 442 1769 469 non

398 488 524 529 fuerit
541 522 549 534 ‚
579 498 622 530 ut
645 490 812 541 asseris,
840 490 993 531 snssicit
1019 492 1123 532 bona
1145 494 1348 534 voluntas.
1378 496 1413 535 O
1433 493 1577 534 fratros
1595 527 1604 540 ,
1628 501 1771 534 cavete

398 569 420 594 a
438 554 603 610 rapina,
627 570 677 595 ne
710 556 1096 611 s=nbn1ergaininii11
1120 557 1342 599 infernum.
1366 558 1403 599 O
1426 567 1629 613 quantum
1649 557 1772 599 dulce

398 628 461 659 est
485 621 665 660 alionum
692 620 779 661 sine
804 635 959 676 magno
983 622 1127 662 labore
1152 623 1321 678 rapere!
1364 637 1388 663 o
1424 638 1548 678 quam
1575 623 1701 669 forte,
1747 637 1772 664 ο

398 698 523 739 quam
549 683 738 735 difficile,
775 702 798 726 ο
822 701 944 740 quam
980 687 1094 741 quasi
1124 687 1384 743 impossibile
1418 697 1480 728 est
1504 689 1610 728 bene
1632 687 1771 728 onmia

396 758 513 806 rapta
534 752 726 797 reddero,
748 756 791 791 ut
810 752 1035 792 debemus!
1057 752 1209 794 Omnia
1229 762 1366 794 tamen
1383 753 1659 808 acquiruntur
1673 767 1770 795 cum

396 831 517 872 poena
541 827 582 858 et
606 817 772 864 labore,
801 819 871 858 sed
895 818 1018 874 longe
1044 818 1190 859 fortius
1214 819 1466 859 amittuntur
1484 833 1580 859 cum
1609 819 1767 859 dolore.

394 880 548 923 Probet
571 896 670 938 ergo
694 882 888 938 seipsum
914 883 1063 930 homo,
1091 892 1131 924 et
1156 884 1264 924 sisic
1289 885 1340 924 de
1359 884 1540 939 peccatis
1567 883 1770 931 doluerit,

395 961 544 987 secure
567 948 763 992 accedam
788 948 838 987 de
864 963 968 1003 pane
989 949 1060 990 illo
1084 949 1178 990 odat
1195 982 1203 996 ‚
1230 958 1272 990 et
1294 951 1344 989 de
1368 949 1501 990 calice
1520 949 1651 990 bibat.
1675 948 1773 989 Pro-

395 1011 466 1052 bet
485 1027 583 1067 ergo
603 1027 644 1051 sc
670 1012 803 1067 ipsum
829 1012 981 1064 homo,
1014 1022 1108 1054 ante
1129 1029 1293 1070 semper
1317 1030 1440 1070 quam
1467 1015 1651 1055 accedat.
1680 1012 1771 1055 Non

395 1080 714 1132 comparatione
737 1078 936 1125 aliorum,
964 1079 1035 1118 sed
1062 1094 1136 1135 pro
1160 1095 1202 1119 se
1227 1081 1339 1126 solo,
1370 1081 1504 1134 qualis
1532 1079 1583 1120 sit
1605 1079 1669 1120 vel
1687 1078 1773 1120 sue·

394 1141 465 1193 rit,
495 1141 763 1188 consideret,
796 1143 890 1197 quia
921 1161 934 1180 «
959 1143 1041 1194 Qui
1066 1145 1293 1185 manducat
1315 1154 1357 1185 et
1380 1144 1486 1185 bibit
1520 1144 1705 1199 indigue,
1732 1144 1771 1184 in

394 1206 630 1262 »judicium
670 1208 746 1247 sihi
787 1209 879 1248 erit.
898 1228 910 1244 n
941 1208 1066 1254 Ideo,
1093 1218 1137 1249 ut
1162 1210 1218 1249 ait
1243 1210 1468 1264 Apostolus
1485 1241 1494 1254 ‚
1526 1228 1538 1244 ιι
1564 1209 1678 1249 luter
1700 1223 1773 1249 nos

392 1290 407 1309 ι)
423 1273 541 1313 multi
563 1272 716 1312 infirmi
735 1282 776 1313 et
796 1273 1026 1314 imbecilles
1040 1274 1301 1315 dormiunt¹.›
1319 1275 1358 1314 in
1382 1273 1651 1315 damnatione
1667 1288 1777 1314 mor-

392 1339 443 1379 tis
460 1370 470 1387 ‚
495 1339 564 1394 qui
588 1340 636 1379 ad
662 1339 741 1379 hoc
760 1349 1068 1380 sacramentum
1095 1341 1263 1397 indigno
1288 1348 1772 1395 accesserunt‚quorum

389 1404 514 1444 etiam
541 1409 719 1445 mortem
743 1413 783 1445 et
802 1405 1115 1446 damnationem
1138 1405 1176 1446 in
1198 1407 1394 1462 praesenti
1420 1406 1500 1447 vita
1523 1420 1648 1461 super
1670 1406 1773 1445 tales

390 1470 448 1525 (2)
477 1470 694 1511 advenisse
718 1470 802 1525 jam
828 1472 1065 1517 cerninnis,
1100 1473 1201 1512 dum
1226 1471 1413 1513 febribus
1437 1481 1477 1512 et
1506 1471 1593 1513 aliis
1631 1471 1772 1511 multis

389 1536 712 1577 necessitatibus
743 1538 989 1592 puniuntur.

448 1601 539 1643 Vll.
581 1603 751 1657 ltaque.
782 1602 954 1649 fratres,
990 1617 1134 1658 pacem
1171 1603 1429 1650 habeamus,
1470 1611 1515 1644 nt
1553 1603 1614 1658 (5)
1646 1603 1773 1643 corda

388 1676 526 1708 nostra
557 1667 607 1707 ab
642 1668 755 1707 omni
782 1669 891 1708 malo
916 1670 1169 1709 mundantes
1187 1702 1195 1715 ‚
1231 1684 1379 1710 secure
1413 1669 1614 1709 accedere
1639 1667 1774 1724 possi-

386 1746 480 1773 mus
501 1733 550 1772 ad
575 1747 727 1787 corpus
756 1733 908 1773 Christi
942 1741 982 1773 et
1006 1734 1270 1790 sanguinem.
1303 1734 1468 1789 Itaque,
1494 1734 1640 1774 fratres
1663 1732 1770 1779 mei,

389 1812 487 1838 cum
509 1796 558 1837 ad
586 1797 789 1837 unitatem
817 1798 1137 1838 custodiendam
1164 1798 1341 1840 volucrit
1370 1799 1428 1853 (4)
1448 1798 1652 1839 Dominus
1674 1812 1770 1839 cor-

386 1877 463 1919 pus
483 1878 605 1902 suum
625 1863 776 1903 assumi
798 1872 838 1903 (τι
859 1863 1104 1920 participari
1127 1879 1146 1904 a
1174 1864 1321 1912 nobis,
1347 1865 1378 1904 si
1402 1864 1549 1918 ahquis
1574 1878 1593 1903 a
1613 1870 1770 1919 paceet

387 1928 547 1968 unitate
575 1928 762 1968 discedat
788 1943 860 1983 per
879 1929 980 1968 iram
1002 1962 1008 1974 ‚
1035 1930 1097 1968 vel
1117 1928 1369 1969 discordiam
1386 1960 1396 1977 ‚
1416 1929 1479 1969 vel
1495 1927 1638 1969 odium
1653 1960 1662 1974 ,
1689 1943 1771 1968 uon

387 1993 512 2049 digne
536 1992 713 2049 accipiet
741 2007 893 2049 corpus
915 1993 1082 2033 Domini
1106 2026 1115 2040 ‚
1142 2008 1218 2034 nec
1242 1993 1562 2049 participatione
1582 1993 1673 2048 ejus
1702 2007 1775 2048 po-

390 2059 489 2100 terit
510 2072 607 2099 cum
642 2057 808 2098 Christo
840 2058 962 2098 uniri.
1001 2058 1120 2099 Sicut
1156 2058 1269 2099 enim
1304 2058 1519 2099 charitatis
1553 2057 1771 2099 vinculum

391 2125 534 2181 plures
563 2124 678 2171 unit,
706 2125 759 2165 ita
793 2124 1000 2165 discordia
1033 2132 1073 2165 et
1100 2123 1272 2171 odium,
1310 2125 1422 2180 quod
1458 2139 1589 2165 unum
1623 2132 1685 2165 est
1714 2123 1774 2165 di-

391 2190 510 2231 vidit.
542 2189 689 2231 Videte
714 2190 862 2246 igitur,
895 2190 1069 2239 fratres,
1102 2205 1154 2230 ne
1187 2204 1395 2231 venenum
1420 2190 1640 2231 discordiae
1665 2190 1775 2230 inter

387 2271 460 2297 vos
482 2256 626 2296 odium
653 2265 849 2312 generet,
886 2264 927 2297 et
965 2271 1016 2297 ne
1039 2255 1309 2297 dulcedinem
1335 2255 1550 2297 charitatis
1576 2255 1616 2296 in
1653 2254 1773 2296 vobis

386 2330 646 2377 corrumpat.
684 2322 895 2378 Respieite
941 2330 1069 2379 caput
1112 2330 1299 2363 nostrum
1318 2355 1329 2370 ‚
1371 2321 1565 2379 respicite
1601 2334 1771 2362 causam

436 2445 446 2466 ¹
472 2455 484 2474 1
507 2445 585 2478 Cor.
607 2456 657 2486 xx,
681 2446 734 2477 30.

432 2525 482 2570 (1)
499 2526 580 2559 Cod.
596 2527 800 2564 renddendi,
827 2528 856 2557 si
877 2539 1003 2569 posses.
1026 2546 1067 2551 —·
1090 2530 1139 2568 (2)
1161 2528 1302 2567 Quorum
1320 2537 1417 2566 super
1427 2525 1521 2561 cales,
1538 2524 1658 2555 locutio
1677 2523 1769 2559 dura,

385 2582 475 2624 quasi
495 2582 589 2613 vellet
609 2589 721 2615 auctor
741 2583 846 2615 dicere
865 2594 1002 2625 quornm
1026 2594 1121 2624 snper
1135 2583 1307 2624 quosdam.
1330 2598 1377 2605 --
1405 2579 1453 2624 (3)
1479 2580 1563 2615 Cod,
1586 2589 1627 2613 et.
1650 2598 1694 2604 —
1720 2580 1769 2622 (4)

384 2639 437 2672 Id„
463 2638 579 2669 voluit.
