1885 3284
405 262 533 293 LIBER
571 261 625 291 DE
665 261 914 292 SPIRITUALI
949 260 1217 293 CERTAMiNE.
1412 252 1487 307 141

132 350 152 372 >J
174 339 276 376 tuus
296 327 516 376 Pharaoni
541 337 583 372 et
616 327 785 372 cunctis
808 325 1018 389 „Egyptiis
1037 362 1047 381 ‚
1082 325 1232 388 plagas
1260 329 1466 375 maximas
1484 367 1494 385 ‚

128 420 149 441 2>
175 416 282 463 quas
303 399 505 445 viderunt
525 396 642 442 oculi
664 397 723 442 tui
748 434 757 452 ‚
784 408 825 442 et
849 398 967 455 signa
1000 405 1128 457 atque
1145 407 1371 457 portenta,
1405 415 1500 444 ma-

128 492 148 512 »
171 487 365 534 numque
385 470 608 515 robustam
629 503 638 523 ‚
665 479 706 512 et
726 478 944 513 extentum
963 465 1216 522 brachium,
1242 468 1501 516 uteduceret

132 563 151 582 n
171 543 383 588 Dominus
415 542 529 585 Deus
563 552 678 584 tuus.
720 540 791 585 Sic
816 539 944 584 facies
969 537 1140 583 cunctis
1178 540 1357 602 populis
1391 558 1500 603 quos

132 633 152 653 »
173 611 388 668 metuis13
412 633 431 653 »
450 619 491 656 et
510 619 557 654 ut
579 609 688 672 quid
712 626 811 669 ergo
835 625 882 654 ex
897 617 1040 652 nostra
1062 607 1312 655 infirmitate
1334 610 1501 656 diffidi-

127 699 224 728 mus
245 720 255 737 ‚
288 683 363 746 qui
388 682 533 745 ipsum
558 681 731 725 virtutis
755 691 974 725 auctorem
998 715 1008 733 ‚
1040 680 1255 740 praevium
1276 697 1324 726 ac
1343 681 1498 727 ducem

127 764 286 799 nostrae
310 751 622 811 congressionis
651 750 890 796 habemus?
910 750 965 793 Et
981 747 1054 793 ille
1069 759 1237 794 tenetur
1250 768 1296 795 ex
1318 753 1500 814 promis-

127 823 246 868 sione
263 822 479 876 victoriae‚
503 820 581 883 qui
600 820 685 865 dux
703 831 745 864 et
768 830 918 865 auctor
940 829 1002 863 est
1020 835 1196 880 pugnae.
1224 822 1502 869 Accendatur

127 893 261 952 igitur
283 909 404 938 mens
427 893 473 936 in
496 907 687 935 amorem
706 889 976 944 certaminis,
1003 900 1050 934 ut
1068 889 1114 933 in
1138 906 1345 954 eampum
1380 910 1498 955 pug-

129 973 283 1008 natura
304 961 514 1026 procedat
534 961 587 1005 ad
618 960 931 1006 debellandum
968 959 1161 1004 hostium
1188 977 1371 1016 cune05‚
1399 980 1498 1009 cuni

128 1033 295 1080 desides
326 1032 604 1079 incalescant.
643 1030 824 1076 Nullum
847 1031 958 1076 inter
982 1047 1060 1075 nos
1084 1041 1214 1092 atque
1236 1031 1501 1080 adversarios

126 1104 275 1150 foedus
292 1103 552 1149 interveniat
571 1122 582 1157 ;
603 1101 722 1147 nulla
741 1118 817 1147 nos
837 1111 1069 1163 sequestrae
1088 1103 1208 1163 pacis
1230 1103 1406 1149 vincula
1430 1105 1497 1167 (i)

128 1185 411 1239 componant.

196 1247 270 1293 IV.
314 1247 412 1291 Non
433 1246 495 1290 ire
518 1261 708 1308 namque
728 1244 782 1290 ad
808 1242 1011 1308 praelium
1037 1243 1274 1303 inglorium
1308 1257 1398 1300 est3
1438 1248 1499 1292 ire

130 1326 271 1362 autem
300 1326 342 1360 et
362 1315 546 1374 segniter
563 1331 708 1377 agere,
734 1315 884 1359 mortis
901 1313 1080 1359 omnino
1093 1314 1354 1376 periculum.
1373 1337 1394 1358 «
1408 1320 1500 1363 Me-

130 1408 151 1427 »
168 1386 252 1432 lius
275 1396 336 1431 est
361 1385 476 1430 enim
508 1401 594 1430 non
619 1401 848 1444 agnoscere
869 1385 983 1428 viam
1001 1384 1193 1430 veritatis
1216 1422 1226 1440 ,
1247 1402 1377 1448 quam
1403 1401 1501 1451 post

130 1478 150 1499 2>
167 1456 433 1516 agnitionem
450 1466 683 1500 retrorsum
707 1455 864 1499 reverti
879 1455 910 1500 2.
923 1475 943 1495 »
963 1455 1173 1500 Nonnulli
1190 1457 1302 1501 enim
1318 1470 1417 1519 post
1434 1477 1500 1504 ar-

129 1537 255 1590 repta
279 1542 414 1571 sacrae
438 1524 685 1571 rudimenta
703 1524 897 1579 militiae,
925 1526 968 1569 in
995 1535 1160 1570 tantam
1188 1543 1230 1570 se
1255 1527 1499 1587 mollitiem,

131 1597 276 1642 animo
293 1606 540 1659 tepescente
559 1633 568 1649 ‚
596 1595 816 1641 resolvunt
837 1632 846 1650 ‚
873 1607 918 1641 ut
943 1596 977 1641 si
1002 1596 1168 1642 valeant
1193 1598 1259 1659 (2)
1282 1599 1392 1645 mala
1413 1619 1499 1647 non

130 1684 253 1728 agere
273 1704 284 1721 ‚
311 1666 442 1712 nullis
465 1677 608 1712 tamen
632 1666 834 1712 studeant
859 1667 1016 1712 animae
1031 1684 1122 1713 suae
1142 1670 1412 1730 profectibus
1434 1674 1504 1717 in-

129 1737 300 1784 sudare.
353 1737 412 1782 Hi
453 1737 664 1782 nimirum
697 1754 784 1782 non
808 1737 966 1782 famem
990 1738 1134 1783 inedia
1170 1740 1341 1785 vincere
1364 1778 1374 1797 ‚
1414 1759 1502 1788 non

129 1808 287 1854 oblatis
306 1806 536 1871 epularum
557 1808 843 1853 suavitatibus
863 1824 1125 1870 repugnare,
1145 1826 1232 1854 non
1249 1810 1418 1871 frigoris
1440 1831 1505 1860 as-

129 1879 358 1943 peritatem
373 1878 504 1935 ferre,
529 1896 615 1924 non
637 1896 889 1925 communes
907 1890 1108 1939 satagunt
1134 1881 1304 1940 vigilias
1331 1901 1503 1946 praeve-

131 1951 237 1998 nire.
268 1951 356 2007 Qui
375 1949 577 1996 videlicet
593 1987 604 2006 ‚
627 1951 703 1996 etsi
722 1967 930 2013 usurpare
947 1950 1098 1996 illicita
1122 1964 1335 2010 renuunt,
1356 1955 1425 2000 his
1441 1967 1504 2001 ta-

131 2038 250 2078 men,
280 2037 381 2085 quae
413 2020 534 2066 licita
570 2033 693 2077 sunt,
733 2022 1034 2085 perfruuntur.
1075 2023 1133 2068 Hi
1155 2024 1353 2086 profecto
1388 2027 1502 2073 intra

131 2108 294 2137 sacram
312 2090 510 2136 militiam
529 2093 756 2137 constituti
781 2102 904 2148 sunt,
927 2092 1000 2138 sed
1019 2093 1141 2156 quod
1162 2096 1386 2157 spirituale
1403 2115 1501 2143 cer-

130 2172 275 2207 tamen
301 2161 356 2207 sit
377 2162 609 2215 nesciunt3
646 2163 761 2208 intra
793 2162 982 2208 militum
1018 2180 1247 2209 numerum
1277 2179 1505 2214 censentur

133 2231 340 2295 ascripti,
367 2231 440 2277 sed
461 2232 658 2278 militaris
683 2232 813 2278 officii
831 2233 1081 2296 probantur
1100 2234 1263 2293 ignari3
1288 2238 1503 2299 siquidem

130 2301 242 2348 inter
262 2312 448 2348 armatos
472 2319 561 2348 non
585 2315 787 2349 verentur
803 2305 985 2350 inermes
1005 2305 1205 2350 incedere
1225 2343 1236 2359 ‚
1263 2307 1374 2353 inter
1397 2308 1504 2354 lori-

135 2382 254 2418 catas
282 2372 541 2419 bellatorum
570 2374 680 2420 acies
702 2391 788 2420 non
814 2375 1081 2421 erubescunt
1102 2375 1305 2423 discincti
1322 2381 1506 2440 segniter

183 2499 194 2520 ²
212 2501 306 2530 Deut.
324 2508 380 2536 vir,
406 2508 525 2542 17-19.
541 2516 584 2523 —
598 2498 614 2521 ²
629 2512 646 2531 2
668 2503 752 2534 petr.
768 2510 807 2542 ιι,
825 2512 879 2534 21.

184 2579 233 2624 (ι)
247 2580 328 2613 eod.
344 2591 438 2616 mna,
450 2598 494 2604 —
508 2583 558 2626 (2)
577 2582 625 2615 Id.
644 2584 796 2616 videant.
