1885 3284
345 326 431 372 150
741 339 774 369 s.
820 332 1069 370 aueusrmr
1099 332 1304 369 Emscom

338 405 568 467 laudando
583 405 753 451 bonum
776 403 1100 467 (1)'e'remiticae
1122 403 1224 450 vitae
1244 405 1395 468 potius
1412 421 1546 469 quam
1570 405 1720 471 dispu-

339 476 475 523 tando
498 475 689 522 breviter
713 475 929 521 intimare.
967 473 1170 521 Solitaria
1188 491 1289 521 sane
1308 476 1396 521 vita
1411 477 1601 523 coelestis
1617 477 1721 524 doc-

338 549 466 594 trinae
485 545 636 593 schola
666 556 757 603 est,
789 563 839 591 ac
865 545 1115 591 divinarum
1153 546 1313 592 artium
1340 546 1588 610 disciplina.
1624 547 1721 594 llli'c

341 620 456 665 Deus
476 628 555 672 est,
581 634 604 662 a
626 634 717 680 quo
736 616 804 680 (2)
823 616 1007 662 discitur
1039 617 1108 661 via
1128 654 1138 671 ‚
1159 634 1245 681 qua
1269 617 1337 680 (3)
1361 617 1558 664 tenditur
1593 629 1724 683 atque

342 689 396 736 ad
413 705 599 735 summae
617 688 810 734 veritatis
840 688 1041 733 notitiam
1062 689 1329 751 pervenitur.
1363 689 1542 734 Eremus
1565 707 1723 755 nempe

341 771 406 807 est
449 759 676 823 paradisus
718 758 976 804 deliciarum
995 795 1005 811 ‚
1053 759 1132 804 ubi
1177 769 1384 822 tanquam
1427 759 1721 806 redolentium

343 831 506 896 species
531 831 876 894 pigmentorum,
892 829 961 875 vel
994 829 1194 875 rutilacei
1219 829 1344 875 flores
1373 841 1638 887 aromatum,
1663 831 1723 877 sie

345 913 387 948 et
410 900 646 961 fragrantia
673 900 843 964 spirant
862 899 1147 946 odoramenta
1168 901 1399 946 virtutum.
1426 901 1724 964 lbisiquidem

346 989 454 1019 rosae
479 972 705 1017 charitatis
725 971 850 1030 igneo
875 971 1037 1016 rubore
1063 971 1371 1018 flammescunt
1389 1008 1400 1027 ‚
1427 972 1490 1017 ibi
1514 972 1605 1018 lilia
1629 990 1722 1019 cas-

347 1043 483 1089 titatis
506 1042 633 1088 niveo
656 1042 812 1088 decore
830 1042 1099 1088 candescunt
1122 1079 1133 1097 ,
1156 1059 1255 1088 cum
1281 1043 1444 1107 quibus
1475 1044 1603 1088 etiam
1638 1043 1725 1089 hu-

349 1113 546 1160 militatis
562 1113 709 1169 violae,
732 1112 838 1177 dum
859 1113 957 1158 imis
986 1123 1203 1159 contentae
1237 1124 1339 1159 sunt
1359 1152 1369 1166 ,
1394 1113 1525 1159 nullis
1546 1114 1726 1160 flatibus

345 1183 653 1248 impelluntur.
686 1183 757 1228 lbi
782 1183 964 1246 myrrha
990 1184 1196 1246 perfectae
1213 1185 1564 1230 mortificationis
1590 1202 1726 1231 exun-

345 1255 438 1312 dat,
458 1265 499 1300 et
514 1255 617 1300 thus
636 1253 821 1299 assiduae
832 1255 1041 1300 orationis
1054 1255 1354 1301 indeficienter
1369 1266 1558 1301 emanat.
1576 1257 1631 1301 Et
1648 1273 1729 1302 cur

346 1325 516 1386 singula
544 1340 734 1389 quaeque
771 1341 1138 1380 commemorem,
1181 1325 1542 1390 quandoquidem
1583 1327 1728 1372 onmia

346 1397 437 1443 illic
453 1399 706 1442 sanctarum
738 1396 953 1442 virtutum
984 1396 1179 1455 germina
1199 1395 1380 1442 diversis
1398 1407 1577 1442 venusta
1604 1397 1725 1443 colo-

347 1468 470 1513 ribus
493 1465 678 1512 rutilant
696 1502 706 1523 ‚
732 1476 773 1512 et
793 1477 1020 1530 perpetuae
1040 1466 1275 1513 viriditatis
1300 1469 1435 1527 gratia
1456 1467 1729 1531 incompara-

349 1539 496 1584 biliter
516 1537 762 1584 vernant.O
783 1553 951 1582 eremus
968 1547 1217 1582 sanctarum
1239 1538 1449 1583 mentium
1471 1536 1703 1583 delectatio
1717 1575 1727 1591 ‚

350 1620 391 1657 et
413 1609 556 1655 intimi
582 1612 733 1669 gustus
756 1609 1011 1654 inexhausta
1028 1608 1217 1653 dulcedo
1239 1629 1250 1663 3
1290 1609 1488 1654 caminus
1511 1608 1583 1654 ille
1601 1609 1724 1655 chal-

351 1681 519 1738 daicus,
532 1680 610 1726 ubi
632 1680 768 1725 saneti
779 1679 903 1742 pueri
923 1678 1108 1725 furentis
1125 1680 1318 1725 incendii
1335 1681 1445 1725 vires
1455 1679 1729 1726 orationibus

351 1752 599 1816 reprimunt
618 1788 628 1806 ,
651 1762 693 1796 et
718 1750 872 1796 ardore
889 1750 990 1796 fidei
1006 1751 1317 1813 crepitantium
1337 1751 1452 1796 eirca
1475 1768 1516 1795 se
1535 1751 1729 1797 flamma-

350 1840 449 1869 rum
469 1821 623 1883 globos
644 1822 921 1881 extinguunt,
939 1821 1018 1866 ubi
1045 1822 1261 1867 seilicetet
1279 1821 1456 1867 vincula
1468 1833 1726 1877 exuruntur,

352 1902 394 1941 et
421 1894 619 1940 ardorem
645 1893 844 1938 membra
874 1909 959 1937 non
988 1892 1181 1937 sentiunt
1203 1929 1213 1947 ,
1241 1892 1344 1955 quia
1368 1904 1408 1938 et
1430 1905 1609 1956 peccata
1644 1893 1729 1937 sol-

352 1976 536 2021 vuntur,
563 1975 604 2010 et
624 1964 671 2009 in
690 1964 911 2026 hymnum
934 1962 1098 2008 divinas
1126 1963 1269 2009 laudis
1288 1963 1430 2008 anima
1463 1974 1732 2026 provocatur

354 2036 502 2083 dicens
527 2052 538 2080 :
561 2055 581 2075 α
598 2034 844 2097 Dirupisti‚
875 2034 1062 2079 Domine
1080 2071 1090 2090 ‚
1121 2033 1301 2080 vincula
1335 2052 1427 2079 mea
1451 2054 1461 2087 3
1490 2034 1569 2079 tibi
1592 2034 1731 2080 saeri-

355 2129 375 2149 »
398 2107 542 2153 ficabo
562 2104 954 2150 hostiamlaudis1!
982 2126 1000 2146 >2
1031 2106 1099 2150 Tu
1117 2104 1269 2151 fornax
1288 2142 1298 2159 ‚
1321 2105 1397 2150 ubi
1427 2106 1604 2169 superni
1625 2106 1734 2165 regis

353 2188 453 2226 Vasa
477 2177 742 2233 formantur,
769 2187 811 2222 et
832 2176 886 2222 ad
912 2187 1177 2240 perpetuum
1204 2177 1390 2221 nitorem
1415 2214 1425 2229 ,
1454 2176 1611 2221 malleo
1632 2192 1730 2239 poe-

353 2248 551 2295 nitentiae
581 2264 817 2311 percussa,
864 2259 993 2311 atque
1037 2247 1142 2293 lima
1179 2247 1412 2293 salutiferae
1444 2247 1730 2310 correptionis

354 2337 472 2367 erasa
495 2320 785 2383 perveniunt3
828 2318 871 2364 in
906 2323 993 2382 qua
1029 2318 1237 2364 nimirum
1267 2317 1437 2364 aboleta
1481 2317 1548 2381 (4)
1577 2318 1731 2364 animae

352 2391 511 2450 rubigo
535 2390 825 2447 consumitur,
853 2400 894 2435 et
914 2390 1073 2436 scabiei
1097 2390 1164 2454 (ὁ)
1182 2401 1465 2454 peccatorum
1481 2389 1635 2434 seoriae
1652 2388 1733 2435 de-

351 2471 592 2526 ponuntur.
620 2461 730 2507 Vasa
750 2460 967 2525 siquidem
989 2461 1110 2521 figuli
1136 2461 1296 2525 probat
1312 2459 1483 2516 fornax,
1510 2470 1552 2505 et
1572 2459 1732 2506 eremi-

401 2567 412 2591 1
435 2564 517 2599 Psal.
538 2577 613 2609 cxv,
638 2578 689 2606 17.

394 2635 448 2685 (x)
466 2638 545 2671 Cod.
564 2637 733 2671 laudande
746 2639 832 2672 laus.
850 2656 896 2664 —
914 2638 963 2683 (2)
981 2639 1032 2674 Id.
1053 2650 1135 2681 quo.
1154 2656 1198 2666 --
1216 2637 1269 2682 (3)
1288 2638 1337 2672 ld.
1357 2637 1429 2670 vita
1444 2648 1520 2680 quo.
1532 2653 1578 2664 --
1597 2634 1652 2684 (4)
1672 2638 1720 2675 Id.

346 2694 496 2728 aboleta.
512 2710 558 2718 -
575 2693 626 2738 (5)
649 2693 700 2728 Id.
718 2693 874 2730 scabiem.
