1885 3284
409 298 464 344 27
482 285 500 336 ἰ
683 304 716 324 s.
763 298 782 322 A
794 295 1004 324 rcus‘rlm
1048 294 1247 323 Erlscorl
1289 293 1524 323 ΛΡΡΕΝΜΧ.

406 377 526 404 neam
550 370 707 403 sauctae
727 360 976 417 Religionis,
1006 360 1187 402 exaltate
1209 360 1362 408 bonos,
1387 359 1510 401 facite
1533 374 1603 401 cos
1619 373 1789 401 consor-

409 437 470 470 tes
488 427 661 469 honoris
674 435 715 467 ct
735 426 970 482 dignitatis,
989 425 1213 466 sublimate
1232 440 1302 466 eos
1322 424 1360 465 in
1381 423 1623 466 cathedram
1646 424 1788 481 Moysi,

412 494 590 535 exaltate
606 506 694 539 eos,
707 491 803 548 quia
823 492 968 532 talium
979 498 1042 532 est
1059 503 1238 547 regnum
1263 491 1469 532 coelorum
1485 491 1514 532 ¹.
1540 490 1632 532 Non
1650 504 1793 546 super-

411 561 512 607 bos,
538 572 622 599 non
648 559 806 606 elatos,
828 572 913 599 non
936 557 1244 599 discordiarum
1262 564 1454 599 auctores
1470 589 1480 605 ,
1508 570 1591 599 non
1613 556 1793 598 luxurio„

411 640 501 674 sos,
545 638 630 666 non
663 623 870 680 cupidos,
906 637 990 665 non
1028 637 1199 670 avaros,
1239 637 1323 664 non
1357 621 1544 669 nobiles,
1574 621 1708 679 pretio
1730 622 1793 663 vel

409 690 608 750 precibus
637 696 868 732 convocate
887 690 945 746 (1)
966 706 976 737 ;
1003 690 1076 730 sed
1098 688 1278 731 humiles
1291 696 1333 730 et
1346 688 1564 743 benignos,
1591 703 1794 745 pauperes

411 756 560 815 spiritu
575 788 585 804 ,
609 764 746 798 castos
762 787 772 803 ,
791 755 1088 797 misericordes
1107 785 1115 803 ,
1138 769 1287 812 pacem
1306 761 1493 796 amantes
1517 787 1526 802 ,
1551 769 1647 795 oves
1664 753 1794 795 bonas

411 830 708 866 conservantes
730 853 740 870 ,
767 820 928 863 debiles
951 820 1235 862 refocillantes
1256 853 1266 870 ‚
1300 834 1513 877 perversas
1532 821 1792 862 edomantes.

414 887 484 931 Sic
504 887 616 930 enirn
637 886 840 928 Dominus
859 886 986 934 secit3
1017 900 1100 927 non
1123 886 1162 943 (2
1179 888 1192 943 )
1212 886 1389 937 nobiles,
1416 901 1499 927 non
1517 885 1687 933 divites,
1710 900 1798 927 non

413 953 561 996 mundi
596 952 834 1009 sapientes,
865 953 938 992 sed
970 951 1197 1008 piscatores
1233 961 1274 994 et
1307 952 1470 1007 ignaros
1497 951 1693 993 Ecclesiae
1715 967 1799 993 suae

414 1019 626 1078 principes
651 1017 828 1059 instituit
850 1026 892 1059 et
914 1018 1074 1059 institui
1097 1017 1370 1060 voluit.Tales
1388 1026 1485 1059 sunt
1506 1017 1797 1073 promovendi,

418 1087 519 1129 tales
538 1092 636 1126 sunt
650 1084 689 1124 in
711 1083 912 1125 cathedra
935 1083 1066 1141 Moysi
1085 1084 1339 1132 collocandi,
1362 1084 1463 1126 tales
1482 1092 1577 1126 sunt
1592 1083 1771 1139 eligendi
1788 1116 1798 1131 ‚

419 1167 472 1194 ne
501 1150 688 1192 Ecclesia
721 1150 833 1192 velut
863 1149 979 1191 vinea
1012 1149 1178 1192 Naboth
1211 1151 1267 1206 (5)
1302 1166 1323 1193 a
1369 1149 1541 1192 Jezabel
1574 1149 1803 1194 crudeliter

422 1214 690 1273 dissipetur2.

484 1282 552 1325 VI.
589 1281 658 1323 Sic
682 1280 793 1323 enim
813 1281 845 1323 si
869 1281 929 1337 (4)
941 1280 1164 1324 fecerimus
1181 1315 1190 1328 ,
1208 1281 1370 1330 fratres,
1386 1289 1426 1322 et
1448 1281 1488 1322 in
1506 1281 1690 1323 novitate
1710 1280 1803 1322 vitae

421 1350 452 1391 si
497 1347 850 1390 ambulaverimus
866 1379 876 1396 ,
916 1347 1119 1404 Discipuli
1160 1347 1314 1389 Christi
1352 1347 1508 1389 erimus
1530 1379 1540 1395 ‚
1584 1347 1804 1389 veritatem

425 1416 518 1456 vitae
535 1447 544 1460 ‚
570 1413 786 1455 veritatem
808 1413 1009 1454 doctrinae
1028 1422 1070 1455 ot
1088 1413 1255 1469 justitia:
1272 1427 1590 1469 cognoscemus.
1608 1411 1674 1454 Sic
1694 1411 1807 1453 enim

428 1480 618 1522 Christus
654 1494 730 1535 pro
757 1479 877 1520 nobis
917 1478 956 1519 in
980 1480 1086 1520 stola
1121 1480 1180 1535 (5)
1210 1479 1534 1520 immortalitatis
1556 1477 1801 1535 apparebit,

427 1546 486 1587 sle
511 1545 551 1586 in
574 1544 758 1585 novitate
772 1544 862 1585 vitae
881 1544 1192 1586 ambulabimus
1220 1545 1262 1586 in
1287 1544 1483 1601 praesenti
1506 1559 1579 1601 per
1601 1544 1777 1601 gratiam
1794 1575 1805 1591 ‚

428 1610 532 1653 etin
553 1609 694 1651 futuro
710 1625 784 1667 per
801 1611 990 1667 gloriam.
1030 1609 1178 1651 Amen.

479 1714 490 1735 Ι
512 1711 631 1745 Mauh.
653 1722 721 1749 xlx,
744 1718 799 1749 14.
823 1730 864 1736 —-
882 1710 898 1733 ²
913 1714 930 1744 3
950 1715 1030 1755 Reg.
1050 1724 1115 1751 xxx,
1138 1725 1170 1754 ι,
1191 1718 1223 1744 et
1240 1723 1329 1756 seqq.

479 1783 531 1833 (1)
553 1785 632 1818 Cod.
653 1786 849 1821 conculcati.
876 1806 915 1811 —
944 1786 993 1831 (2)
1015 1787 1168 1821 Idamm,
1193 1805 1234 1810 -
1254 1784 1301 1831 (3)
1325 1785 1372 1818 Id.
1396 1786 1560 1826 AVa-buoch,
1578 1805 1620 1810 --
1637 1783 1750 1832 (4)1d.
1767 1783 1812 1815 sic

437 1843 481 1875 sic
491 1844 596 1882 em'm3
611 1842 726 1874 deiude
746 1842 834 1875 deest
853 1852 892 1874 ee.
905 1861 952 1867 -—
966 1842 1016 1888 [5)
1036 1843 1082 1877 Id.
1105 1843 1186 1875 male
1205 1843 1348 1874 stellam.
