1868 3301
283 265 377 323 416
542 280 578 311 s.
620 278 864 312 mensum
899 280 1105 312 EPISCOPI
1140 281 1378 315 APPENDIX.

280 346 385 390 muli
398 346 573 404 vagitus,
588 361 665 404 pro
686 347 913 389 ululatibus
929 347 1045 404 pium
1063 362 1257 390 murmur
1272 349 1654 395 infantium.Nem0

279 413 468 470 quuitur
482 421 684 462 mortem;
699 414 798 470 quin
816 415 874 470 (1)
897 413 1044 470 frigida
1063 413 1104 454 in
1119 414 1309 456 faucibus
1326 416 1465 473 lingua
1483 418 1653 460 laudem

281 479 494 528 mussitat,
524 494 610 520 non
633 480 822 521 dolorem
839 511 849 527 ,
876 478 986 520 sicut
1011 478 1163 522 beatus
1185 481 1390 538 propheta
1414 482 1548 525 David
1570 491 1653 525 tes-

280 554 391 588 tatus
414 553 475 586 est
500 544 644 586 dicens
676 560 684 586 :
713 562 728 583 α
751 545 810 586 Ex
833 560 905 586 ore
928 544 1149 587 infantium
1173 554 1214 587 et
1235 546 1481 588 lactentium
1514 548 1653 604 perse-

279 629 295 651 »
311 610 402 653 cisti
425 611 591 653 laudem
611 619 784 667 propter
808 609 999 652 inimicos
1023 618 1116 652 tuos
1130 610 1160 652 ¹.
1180 630 1194 649 n
1210 611 1278 653 Sic
1292 644 1302 659 ‚
1326 611 1473 654 fratres
1492 613 1652 657 charis-

279 676 399 723 simi,
419 676 460 717 in
482 677 605 718 laude
624 675 792 718 Domini
817 675 949 717 nostri
966 675 1068 717 Jesu
1091 675 1245 718 Christi
1264 677 1422 734 primus
1437 678 1653 721 dedicatus

278 750 341 784 est
362 756 526 789 sermm
548 741 608 783 sic
636 740 764 783 clausi
787 740 869 782 oris
900 742 1086 783 resoluto
1110 743 1328 799 repagulo,
1354 743 1478 784 rudes
1500 743 1653 802 linguae

278 808 548 850 immolavere
584 806 811 864 primitiaS,
849 821 946 848 cum
970 806 1096 848 tacita
1130 807 1302 849 victima
1342 808 1497 865 loquax
1531 810 1653 852 discit

277 889 366 917 esse
387 889 462 931 per
484 875 654 916 vulnera
672 905 682 921 ,
707 872 816 915 sicut
839 872 1039 916 Salomon
1069 873 1399 930 sapientissimus
1424 875 1614 931 loquitur
1640 891 1649 917 :

286 958 301 979 α
322 940 527 983 Dominus
551 938 714 996 aperuit
736 953 807 980 ora
832 947 1048 981 mutorum
1065 971 1075 987 ,
1091 939 1541 997 etlinguasinsantium
1553 940 1653 983 fecit

276 1024 291 1045 »
307 1004 517 1048 disertas².
532 1025 546 1042 υ
563 1003 801 1046 Confitetur
817 1018 919 1046 ecce
940 1013 1157 1046 mutorum
1178 1020 1285 1047 nova
1308 1020 1389 1047 vox
1401 1005 1648 1055 Dominum,

276 1080 318 1113 et
334 1070 572 1112 balbutiens
590 1070 649 1125 (2)
667 1070 808 1126 lingua
826 1070 952 1111 verba
975 1070 1184 1112 semivoca
1219 1071 1259 1112 in
1285 1069 1455 1112 laudem
1476 1071 1649 1119 Christi,

274 1137 389 1194 quasi
414 1136 513 1178 olim
537 1136 681 1184 docta,
705 1136 820 1191 loqui
841 1151 883 1177 se
908 1144 1133 1193 provocat3
1160 1144 1418 1193 rumpuntur
1435 1150 1540 1178 nova
1566 1152 1652 1179 sus-

272 1203 400 1261 piria,
441 1211 482 1244 et
522 1201 744 1243 infantium
778 1201 989 1244 labiorum
1030 1203 1218 1244 consessa
1246 1202 1307 1259 (5)
1341 1202 1571 1259 fragmenta
1608 1203 1650 1245 in

278 1269 448 1311 verbase
461 1269 688 1325 glutinant.
712 1267 806 1310 Non
818 1276 1068 1324 expectatur
1089 1268 1221 1324 loqui,
1243 1269 1313 1325 qui
1332 1269 1468 1311 Deum
1484 1268 1651 1325 cogitur

270 1334 476 1376 confiteri.
505 1333 572 1375 Sic
596 1334 648 1375 ad
667 1333 841 1389 Moysen
865 1333 1070 1375 Dominus
1094 1333 1197 1375 dicit
1222 1349 1264 1374 τα
1281 1333 1368 1390 Ego
1396 1333 1581 1391 aperiam
1603 1347 1650 1376 os

269 1409 419 1441 »tuum
433 1431 443 1448 ,
467 1408 509 1441 et
530 1399 733 1440 instruam
752 1407 792 1440 te
809 1397 1154 1455 q11idloquaris³.
1175 1417 1190 1438 1>
1211 1398 1413 1456 Agnoscit
1434 1413 1532 1440 vero
1552 1413 1651 1440 con-

271 1466 496 1521 sacrilegus
520 1473 722 1521 tyrannus
757 1463 920 1505 facinus
942 1480 1065 1506 suum
1097 1473 1192 1507 ante
1216 1464 1482 1521 praedictum.
1514 1464 1648 1506 Intel-

270 1532 360 1588 ligit
394 1531 434 1571 in
464 1545 586 1572 aures
604 1528 700 1578 Dei,
738 1529 998 1585 quicumque
1032 1537 1130 1571 sunt
1159 1528 1413 1570 Sanctorum
1447 1528 1644 1586 gemitus,

269 1612 485 1639 resonasse
509 1596 709 1653 suspiria,
737 1610 835 1637 cum
858 1604 1029 1652 recepta
1065 1595 1308 1652 plenitudo,
1337 1595 1518 1637 vatidico
1552 1609 1645 1643 ore,

268 1662 377 1705 sacri
405 1663 548 1703 sensus
571 1660 828 1702 modulando
861 1660 1002 1701 divina
1027 1660 1169 1709 verba,
1197 1660 1424 1702 famulatur
1446 1662 1524 1717 (4).

330 1727 377 1771 V.
416 1728 521 1779 Quae
545 1735 642 1768 sunt
664 1726 748 1781 jam
765 1758 774 1774 ,
798 1725 946 1766 fratres
972 1725 1209 1766 charissimi
1232 1758 1241 1773 ,
1260 1726 1439 1768 coelestis
1457 1727 1647 1783 mysterii

269 1795 436 1837 occulta
459 1800 719 1834 sacramenta
741 1790 758 1831 Ξ)
779 1790 942 1833 Rachel
963 1791 1119 1831 clamat
1140 1791 1338 1847 lacrymis
1356 1824 1366 1837 ‚
1392 1791 1648 1833 vociferatur

267 1859 462 1903 lamentis
481 1892 490 1907 ,
529 1867 570 1899 et
593 1855 825 1899 consolatio
849 1856 963 1897 nulla
982 1854 1030 1896 fit
1051 1855 1198 1897 mortis
1214 1889 1224 1904 ,
1250 1857 1364 1897 nulla
1387 1855 1642 1899 humanitas.

266 1926 359 1968 Istae
378 1940 443 1966 res
466 1923 564 1965 fidei
580 1923 772 1978 exemplo
796 1928 894 1962 sunt
917 1920 1052 1962 nohis.
1081 1919 1188 1961 Suos
1212 1928 1472 1963 contestatur
1489 1922 1644 1971 occidi,

267 1999 309 2032 et
329 1988 557 2032 confitetur
578 1988 731 2029 iterum
749 2001 832 2027 non
852 1984 1003 2027 amitti.
1037 1984 1132 2026 Flet
1152 1986 1386 2028 mortalitas
1408 2019 1416 2034 ‚
1440 1994 1552 2028 tacet
1578 2002 1645 2029 se—

267 2071 367 2098 cura
386 2055 611 2097 credulitas
631 2054 709 2109 (5).
733 2052 945 2094 Saeculum
963 2050 1134 2107 quidem
1148 2050 1358 2108 perdidit,
1385 2052 1458 2093 sed
1483 2052 1644 2094 occisos

266 2137 343 2179 pro
368 2121 534 2163 Christo
559 2118 755 2174 suscepit.
784 2118 1010 2160 Promovet
1033 2124 1135 2158 tunc
1166 2117 1402 2159 coelestium
1424 2118 1644 2175 regionum

267 2187 494 2244 spiritalem
541 2184 733 2226 militiam
783 2182 986 2224 barbarus
1030 2190 1234 2238 tyrannus
1262 2182 1322 2239 (6)
1350 2215 1360 2231 ,
1411 2191 1453 2224 et
1492 2182 1643 2226 divinis

267 2253 412 2295 castris
439 2261 637 2309 tyronum
662 2248 939 2297 innocentiae,
972 2256 1127 2290 terram
1152 2256 1365 2291 caractere
1392 2249 1448 2306 (7)
1478 2249 1641 2291 cruoris

311 2373 322 2396 ¹
341 2371 460 2405 Manli.
476 2382 546 2410 xxi,
564 2372 616 2404 16.
634 2389 678 2395 —
693 2368 792 2414 2Sap.
807 2381 842 2414 x,
866 2380 921 2401 21.
934 2386 980 2393 —
993 2366 1008 2391 3
1024 2368 1187 2408 Exod.1v,
1208 2380 1262 2402 12.

311 2460 362 2508 (ι)
383 2462 465 2495 Cod.
492 2461 572 2493 male
596 2461 686 2502 quid.
709 2479 751 2484 ——
769 2459 819 2504 (2)
845 2459 894 2493 Id.
916 2459 1052 2491 ridicule
1074 2459 1240 2491 intuentis.
1257 2477 1302 2483 —
1324 2458 1374 2503 (3)
1391 2459 1442 2492 Sic
1459 2460 1530 2493 cod.
1552 2462 1641 2505 cujus

262 2519 430 2551 durissima
460 2517 566 2548 verba.
586 2532 631 2539 —-·
655 2514 705 2560 (4)
730 2515 777 2548 Id.
803 2516 1028 2558 ficmulanmr.
1058 2533 1104 2540 —
1130 2514 1181 2561 (5)
1205 2515 1252 2548 Id.
1272 2516 1354 2547 male
1379 2516 1566 2550 crudelitas.
1588 2535 1631 2540 —

274 2577 308 2615 6)
338 2574 385 2607 Id,
408 2582 630 2615 tyrwmorum.
654 2591 698 2597 —
726 2570 775 2616 (7)
805 2572 856 2604 Sic
887 2572 975 2616 cod„
1006 2579 1139 2617 excepto
1158 2571 1243 2615 quod
1263 2573 1353 2616 pejus
1376 2571 1474 2605 habet
1497 2581 1627 2604 caracte

261 2643 325 2662 rem
333 2657 339 2665 ,
