1868 3301
342 260 436 314 464
610 273 646 301 s.
687 272 934 304 Aueusnm
969 271 1173 303 EPISCOPI
1209 271 1444 304 APPEme.

340 342 422 383 lem
437 371 447 386 ,
472 337 671 395 speciosae
705 337 867 381 dilectae
879 339 956 380 Dei
972 371 982 386 ,
1006 353 1088 380 una
1105 353 1273 380 mecum
1296 341 1502 396 lacrymas
1524 339 1705 388 fundite,

339 407 476 447 donec
503 401 622 443 nobis
658 410 802 444 noster
827 418 1002 459 sponsus
1037 403 1076 444 in
1101 418 1174 444 sua
1208 404 1472 459 speciositate
1504 404 1709 461 benignus

335 475 543 511 occurrat.
570 467 757 509 Recolite
776 499 786 516 ‚
808 468 984 510 recolite
1001 500 1010 516 ,
1038 469 1182 509 sedula
1206 477 1348 510 mente
1371 477 1559 525 pensate,
1583 483 1709 525 quam

337 537 388 577 sit
411 547 599 576 amarum
618 533 668 573 ab
691 533 779 589 ipso
802 533 1016 590 separari,
1055 534 1123 574 cui
1149 532 1330 575 fideliter
1353 534 1572 576 inhaesistis
1592 566 1604 582 ‚
1640 533 1710 575 cui

333 615 405 642 vos
425 599 466 639 in
489 596 604 638 omni
627 598 853 639 sanctitate
882 598 1078 646 vovistis;
1104 598 1296 646 vovistis,
1316 600 1482 641 reddite
1502 614 1602 655 ergo
1625 613 1672 640 ca
1697 613 1706 639 :

333 664 530 720 vosipsas
554 661 722 705 Christo
757 663 950 712 vovistis,
996 678 1067 705 vos
1101 663 1265 705 reddite
1298 665 1475 706 Christo.
1513 663 1705 712 Currite,

332 729 428 772 filiae
444 761 453 775 ‚
490 727 647 769 currite
665 760 675 776 ,
713 726 893 784 virgines
929 743 1057 770 sacrae
1074 761 1084 777 ,
1125 728 1308 777 currite,
1347 737 1500 771 matres
1539 728 1708 770 Christo

335 794 571 838 castitatem
599 800 822 841 voventes;
844 808 995 834 omnes
1019 794 1071 834 ad
1094 792 1311 849 Virginem
1334 795 1509 842 currite,
1525 809 1616 850 quae
1636 808 1710 851 ge·-

334 859 427 902 nuit
448 858 606 916 ipsum3
634 857 720 913 ipsa
744 857 855 899 enim
879 858 1062 915 portavit
1084 858 1241 915 Regem
1255 858 1397 916 gloriae
1419 860 1562 906 corde,
1589 858 1708 900 illum

333 926 459 969 etiam
481 923 639 980 petenti
662 924 807 964 datura
832 939 841 964 ε
862 924 950 982 ipsa
974 923 1120 981 genuit
1141 938 1240 966 eum
1262 924 1504 981 pariterque
1520 923 1706 973 lactavit,

333 1000 374 1034 et
396 991 438 1032 in
466 989 532 1031 die
569 988 838 1030 circumcidit
874 998 1043 1038 octava,
1070 998 1113 1031 et
1132 990 1454 1047 quadragesimo
1481 990 1547 1031 die
1581 989 1707 1031 etiam

333 1053 600 1113 praesentavit
617 1054 658 1094 in
679 1054 837 1110 templo
856 1086 866 1102 ,
894 1055 997 1095 duas
1020 1063 1208 1096 turtures
1229 1055 1294 1095 vel
1325 1055 1543 1097 columbas
1564 1069 1640 1110 pro
1657 1068 1707 1095 eo

334 1120 514 1163 offerens
544 1119 585 1160 in
613 1118 933 1168 holocaustum3
959 1119 1122 1176 fugiens
1145 1119 1196 1160 ab
1218 1119 1386 1161 Herode
1409 1119 1450 1160 in
1477 1119 1708 1176 AEgyptum

331 1201 429 1229 eum
448 1184 633 1241 portavit
664 1198 673 1224 :
699 1184 889 1225 nutriens
925 1192 965 1226 et
989 1185 1150 1226 lactans
1173 1185 1372 1226 eumdem
1393 1218 1402 1232 ,
1431 1198 1576 1226 curam
1597 1183 1707 1225 illius

331 1252 492 1294 habens
508 1282 518 1298 ,
543 1248 799 1304 sequebatur
821 1264 916 1290 eum
941 1264 1212 1305 quocumque
1235 1249 1453 1307 pergebat.
1476 1249 1613 1290 Credo
1635 1246 1707 1289 fir-

333 1317 458 1359 miter
480 1315 605 1357 fuisse
627 1313 735 1355 inter
757 1313 847 1355 illas
874 1313 1065 1357 soeminas
1081 1347 1091 1363 ‚
1116 1329 1209 1371 quae
1234 1314 1448 1357 Christum
1471 1314 1707 1369 sequeban-

335 1393 406 1425 tur
426 1381 712 1423 ministrantes
724 1379 877 1421 eidem.
902 1380 1050 1422 Nullus
1069 1380 1266 1422 admirari
1289 1380 1436 1428 debet,
1457 1379 1488 1420 si
1508 1379 1706 1435 sequeba-

329 1456 398 1490 tur
419 1447 554 1492 illum‚
580 1459 678 1486 cum
703 1445 789 1500 ipse
813 1446 961 1486 dulcor
984 1445 1074 1500 ejus
1097 1453 1139 1487 et
1157 1444 1412 1487 desiderium
1438 1449 1550 1486 totus
1577 1452 1700 1487 esset.

332 1513 451 1555 Hanc
470 1511 652 1552 arbitror
669 1509 795 1551 fuisse
817 1510 926 1552 inter
948 1509 1038 1553 illas
1056 1519 1271 1567 gementes
1295 1510 1485 1552 foeminas
1510 1508 1614 1550 filias
1630 1509 1704 1551 Je-

330 1578 529 1624 rusalem,
551 1577 603 1617 ad
624 1590 726 1631 quas
748 1574 869 1617 Jesus
886 1591 970 1617 non
996 1577 1134 1617 clarus
1156 1576 1332 1633 imperio
1347 1607 1357 1624 ‚
1382 1576 1454 1617 sed
1478 1574 1705 1631 opprobrio

330 1644 505 1700 plenus,
531 1641 659 1698 spinis
683 1639 828 1682 illusus
846 1674 855 1689 ‚
884 1640 1014 1697 plagis
1036 1640 1213 1682 afflictus
1228 1673 1238 1689 ‚
1259 1641 1299 1682 in
1323 1639 1535 1696 angariam
1557 1641 1702 1682 mortis

330 1708 525 1765 bajulans
553 1705 631 1747 sibi
653 1720 826 1747 crucem
844 1738 854 1752 ‚
890 1720 1119 1748 conversus
1156 1706 1210 1747 ait
1230 1720 1238 1746 :
1257 1724 1272 1743 «
1293 1705 1410 1746 Filiae
1441 1704 1701 1753 Jerusalem,

332 1773 491 1816 »nolite
516 1772 617 1813 flere
634 1786 760 1827 super
781 1786 849 1812 me
869 1804 880 1818 ,
907 1773 980 1812 sed
1017 1787 1143 1828 super
1165 1771 1362 1827 vosipsas
1383 1769 1484 1811 ssete
1516 1781 1556 1811 et
1578 1785 1703 1827 super

329 1838 467 1880 »filios
490 1836 690 1878 vestros¹.
713 1854 729 1875 »
750 1834 950 1878 Putas-ne
969 1869 978 1883 ‚
1003 1836 1185 1878 Domina
1210 1836 1380 1884 mundi,
1400 1834 1581 1877 Domina
1608 1849 1702 1877 mea

330 1904 509 1952 dilecta,
556 1900 688 1944 Mater
716 1899 907 1956 ejusdem
940 1901 1119 1948 Christi,
1159 1909 1222 1942 est
1257 1914 1402 1941 verum
1424 1900 1538 1955 quod
1570 1900 1701 1942 dico?

329 1969 443 2011 Bene
467 1968 645 2009 obsecro
665 1999 675 2015 ,
696 1974 743 2008 ut
767 1966 879 2007 dicas
896 1967 1062 2007 servulo
1085 1975 1156 2007 tuo
1176 1967 1227 2008 de
1244 1965 1334 2021 ejus
1352 1965 1446 2006 coeli
1468 1964 1642 2006 veritate
1658 1973 1701 2006 et

328 2033 480 2091 gaudio
503 2031 701 2073 Paradisi.
742 2031 1002 2073 Obliviscere
1030 2040 1168 2073 tamen
1203 2031 1357 2073 doloris
1393 2030 1696 2086 quantitatem3

327 2113 441 2140 nunc
470 2112 554 2139 non
583 2095 750 2152 ambigo
786 2110 948 2152 passam
979 2096 1115 2138 fuisse.
1146 2096 1182 2138 O
1215 2096 1374 2137 utinam
1404 2096 1523 2136 dolor
1545 2095 1613 2135 illo
1637 2094 1698 2136 sic

328 2162 514 2219 quotidie
531 2162 634 2203 meis
653 2161 886 2203 visceribus
909 2160 1147 2208 inhaereret,
1168 2161 1277 2203 sicut
1293 2158 1572 2202 inhaesittunc
1588 2159 1694 2201 tuis!

327 2229 494 2270 Utinam
513 2228 579 2269 die
602 2241 686 2282 quo
710 2236 922 2284 assumpta
946 2227 1057 2268 suisti
1082 2227 1121 2267 in
1146 2228 1322 2275 coelum,
1352 2234 1400 2267 ut
1422 2226 1463 2266 in
1489 2233 1695 2265 aeternum

326 2308 425 2335 cum
449 2303 521 2334 tuo
548 2293 752 2349 gauderes
771 2291 926 2334 dilecto
941 2325 950 2340 ,
979 2292 1081 2333 mihi
1099 2302 1188 2334 tuas
1207 2293 1415 2348 lacrymas
1436 2291 1663 2331 indicasses
1683 2321 1693 2337 ‚

324 2359 438 2414 quod
462 2373 535 2414 per
557 2359 646 2399 illas
675 2372 945 2414 agnoscerem
979 2357 1059 2410 (1),
1085 2366 1287 2413 quantum
1314 2356 1387 2399 tibi
1407 2354 1695 2397 amaritudinis

321 2423 448 2465 suerit
473 2422 553 2480 (2),
578 2437 675 2465 cum
699 2426 844 2465 Jesum
868 2419 1068 2465 dilectum
1092 2423 1192 2474 tibi,
1219 2423 1302 2466 heu
1325 2422 1413 2464 me!
1439 2421 1520 2463 heu
1537 2420 1630 2462 me!
1653 2428 1696 2461 et

371 2533 383 2554 ¹
402 2534 480 2566 Luc,
498 2543 593 2571 xxm,
611 2535 668 2566 28.

370 2614 420 2656 (a)
437 2613 516 2649 cod.
534 2625 734 2655 agnosceres.
756 2631 802 2638 --
823 2612 870 2658 (2)
888 2613 1071 2656 ld.fuer‹1c.
