<?xml version="1.0" encoding="UTF-8"?>
<!DOCTYPE html PUBLIC "-//W3C//DTD XHTML 1.0 Transitional//EN"
    "http://www.w3.org/TR/xhtml1/DTD/xhtml1-transitional.dtd">
<html xmlns="http://www.w3.org/1999/xhtml" xml:lang="en" lang="en">
 <head>
  <title>
</title>
<meta http-equiv="Content-Type" content="text/html;charset=utf-8" />
  <meta name='ocr-system' content='tesseract 3.04.00' />
  <meta name='ocr-capabilities' content='ocr_page ocr_carea ocr_par ocr_line ocrx_word'/>
</head>
<body>
  <div class='ocr_page' id='page_1' title='image "./p2operaomniaaccu24auguuoft_0274.png"; bbox 0 0 1885 3284; ppageno 0'>
   <div class='ocr_carea' id='block_1_1' title="bbox 377 230 1479 287">
    <p class='ocr_par' dir='ltr' id='par_1_1' title="bbox 377 230 1479 287">
     <span class='ocr_line' id='line_1_1' title="bbox 377 230 1479 287; baseline -0.001 -10"><span class='ocrx_word' id='word_1_1' title='bbox 377 230 469 287; x_wconf 67' lang='lat'>264</span> <span class='ocrx_word' id='word_1_2' title='bbox 639 247 672 277; x_wconf 78' lang='grc' dir='ltr'>ε.</span> <span class='ocrx_word' id='word_1_3' title='bbox 721 244 963 276; x_wconf 60' lang='lat' dir='ltr'>Avens-nm</span> <span class='ocrx_word' id='word_1_4' title='bbox 1001 244 1203 274; x_wconf 64' lang='lat' dir='ltr'>misceri</span> <span class='ocrx_word' id='word_1_5' title='bbox 1242 242 1479 276; x_wconf 73' lang='lat' dir='ltr'><strong>APPEme.</strong></span> 
     </span>
    </p>
   </div>
   <div class='ocr_carea' id='block_1_2' title="bbox 374 310 1798 2337">
    <p class='ocr_par' dir='ltr' id='par_1_2' title="bbox 374 310 1774 1335">
     <span class='ocr_line' id='line_1_2' title="bbox 374 310 1749 368; baseline 0.001 -18"><span class='ocrx_word' id='word_1_6' title='bbox 374 332 388 349; x_wconf 73' lang='grc' dir='ltr'>ι</span> <span class='ocrx_word' id='word_1_7' title='bbox 405 312 713 368; x_wconf 83' lang='lat' dir='ltr'>pinquaverunt</span> <span class='ocrx_word' id='word_1_8' title='bbox 736 310 950 358; x_wconf 47' lang='lat' dir='ltr'>camno&amp;</span> <span class='ocrx_word' id='word_1_9' title='bbox 985 330 996 346; x_wconf 68' lang='lat' dir='ltr'>n</span> <span class='ocrx_word' id='word_1_10' title='bbox 1021 318 1060 350; x_wconf 82' lang='lat' dir='ltr'>ct</span> <span class='ocrx_word' id='word_1_11' title='bbox 1083 311 1433 368; x_wconf 76' lang='lat' dir='ltr'>compellentibus</span> <span class='ocrx_word' id='word_1_12' title='bbox 1453 310 1508 367; x_wconf 83' lang='lat'>(1)</span> <span class='ocrx_word' id='word_1_13' title='bbox 1529 325 1652 359; x_wconf 86' lang='lat' dir='ltr'><strong>eum,</strong></span> <span class='ocrx_word' id='word_1_14' title='bbox 1683 310 1749 352; x_wconf 91' lang='lat' dir='ltr'>in-</span> 
     </span>
     <span class='ocr_line' id='line_1_3' title="bbox 375 377 1751 433; baseline 0 -16"><span class='ocrx_word' id='word_1_15' title='bbox 375 377 497 417; x_wconf 75' lang='lat' dir='ltr'>travit</span> <span class='ocrx_word' id='word_1_16' title='bbox 517 391 614 418; x_wconf 86' lang='lat' dir='ltr'>cum</span> <span class='ocrx_word' id='word_1_17' title='bbox 640 377 718 418; x_wconf 83' lang='lat' dir='ltr'>illis</span> <span class='ocrx_word' id='word_1_18' title='bbox 736 410 745 424; x_wconf 82' lang='grc'><strong>.</strong></span> <span class='ocrx_word' id='word_1_19' title='bbox 772 386 813 418; x_wconf 89' lang='lat' dir='ltr'>et</span> <span class='ocrx_word' id='word_1_20' title='bbox 836 392 932 418; x_wconf 80' lang='lat' dir='ltr'>cnm</span> <span class='ocrx_word' id='word_1_21' title='bbox 959 377 1226 418; x_wconf 81' lang='lat' dir='ltr'><strong>recumberet</strong></span> <span class='ocrx_word' id='word_1_22' title='bbox 1262 392 1357 419; x_wconf 89' lang='lat' dir='ltr'>cum</span> <span class='ocrx_word' id='word_1_23' title='bbox 1387 378 1468 425; x_wconf 78' lang='lat' dir='ltr'>eis,</span> <span class='ocrx_word' id='word_1_24' title='bbox 1501 377 1751 433; x_wconf 76' lang='lat' dir='ltr'>aspicientes</span> 
     </span>
     <span class='ocr_line' id='line_1_4' title="bbox 379 442 1750 499; baseline -0.001 -16"><span class='ocrx_word' id='word_1_25' title='bbox 379 442 422 484; x_wconf 89' lang='lat' dir='ltr'>in</span> <span class='ocrx_word' id='word_1_26' title='bbox 454 442 604 484; x_wconf 79' lang='lat' dir='ltr'>faciem</span> <span class='ocrx_word' id='word_1_27' title='bbox 637 444 722 484; x_wconf 82' lang='lat' dir='ltr'>sole</span> <span class='ocrx_word' id='word_1_28' title='bbox 759 442 980 484; x_wconf 61' lang='lat' dir='ltr'>clariorem</span> <span class='ocrx_word' id='word_1_29' title='bbox 998 474 1006 487; x_wconf 87' lang='lat'>,</span> <span class='ocrx_word' id='word_1_30' title='bbox 1047 442 1256 483; x_wconf 74' lang='lat' dir='ltr'>intuentes</span> <span class='ocrx_word' id='word_1_31' title='bbox 1294 458 1440 484; x_wconf 74' lang='lat' dir='ltr'>manus</span> <span class='ocrx_word' id='word_1_32' title='bbox 1482 443 1719 499; x_wconf 76' lang='lat' dir='ltr'><strong>perforatas</strong></span> <span class='ocrx_word' id='word_1_33' title='bbox 1740 473 1750 488; x_wconf 90' lang='lat'>‚</span> 
     </span>
     <span class='ocr_line' id='line_1_5' title="bbox 378 507 1754 564; baseline 0 -17"><span class='ocrx_word' id='word_1_34' title='bbox 378 522 508 564; x_wconf 78' lang='lat' dir='ltr'><strong>panes</strong></span> <span class='ocrx_word' id='word_1_35' title='bbox 533 507 769 564; x_wconf 72' lang='lat' dir='ltr'>frangentes</span> <span class='ocrx_word' id='word_1_36' title='bbox 796 509 874 564; x_wconf 78' lang='lat'><strong>(2),</strong></span> <span class='ocrx_word' id='word_1_37' title='bbox 903 516 1192 563; x_wconf 79' lang='lat' dir='ltr'>cognoverunt</span> <span class='ocrx_word' id='word_1_38' title='bbox 1220 521 1331 549; x_wconf 88' lang='lat' dir='ltr'><strong>eum.</strong></span> <span class='ocrx_word' id='word_1_39' title='bbox 1368 508 1418 548; x_wconf 77' lang='lat' dir='ltr'>Et</span> <span class='ocrx_word' id='word_1_40' title='bbox 1442 509 1626 549; x_wconf 77' lang='lat' dir='ltr'>volentes</span> <span class='ocrx_word' id='word_1_41' title='bbox 1657 521 1754 548; x_wconf 87' lang='lat' dir='ltr'>eum</span> 
     </span>
     <span class='ocr_line' id='line_1_6' title="bbox 381 571 1756 629; baseline -0.001 -15"><span class='ocrx_word' id='word_1_42' title='bbox 381 582 539 620; x_wconf 86' lang='lat' dir='ltr'><strong>tenere,</strong></span> <span class='ocrx_word' id='word_1_43' title='bbox 566 574 781 629; x_wconf 76' lang='lat' dir='ltr'>amplecti,</span> <span class='ocrx_word' id='word_1_44' title='bbox 810 581 851 614; x_wconf 79' lang='lat' dir='ltr'>ct</span> <span class='ocrx_word' id='word_1_45' title='bbox 872 572 1000 628; x_wconf 83' lang='lat' dir='ltr'><strong>pedes</strong></span> <span class='ocrx_word' id='word_1_46' title='bbox 1026 572 1230 618; x_wconf 67' lang='lat' dir='ltr'>osculari,</span> <span class='ocrx_word' id='word_1_47' title='bbox 1262 571 1344 612; x_wconf 86' lang='lat' dir='ltr'>«Et</span> <span class='ocrx_word' id='word_1_48' title='bbox 1377 572 1463 628; x_wconf 83' lang='lat' dir='ltr'>ipse</span> <span class='ocrx_word' id='word_1_49' title='bbox 1495 572 1663 614; x_wconf 79' lang='lat' dir='ltr'>evanuit</span> <span class='ocrx_word' id='word_1_50' title='bbox 1705 572 1756 613; x_wconf 79' lang='lat' dir='ltr'>ab</span> 
     </span>
     <span class='ocr_line' id='line_1_7' title="bbox 390 636 1757 694; baseline 0.001 -18"><span class='ocrx_word' id='word_1_51' title='bbox 390 637 546 678; x_wconf 74' lang='lat' dir='ltr'>»oculis</span> <span class='ocrx_word' id='word_1_52' title='bbox 571 652 717 679; x_wconf 83' lang='lat' dir='ltr'><strong>eorum</strong></span> <span class='ocrx_word' id='word_1_53' title='bbox 739 638 768 678; x_wconf 77' lang='lat'>².</span> <span class='ocrx_word' id='word_1_54' title='bbox 799 656 812 674; x_wconf 72' lang='lat' dir='ltr'>n</span> <span class='ocrx_word' id='word_1_55' title='bbox 846 637 927 679; x_wconf 61' lang='lat' dir='ltr'>Nos</span> <span class='ocrx_word' id='word_1_56' title='bbox 952 645 1115 689; x_wconf 79' lang='lat' dir='ltr'>autem,</span> <span class='ocrx_word' id='word_1_57' title='bbox 1139 637 1306 685; x_wconf 77' lang='lat' dir='ltr'>fratres,</span> <span class='ocrx_word' id='word_1_58' title='bbox 1337 638 1368 678; x_wconf 87' lang='lat' dir='ltr'>si</span> <span class='ocrx_word' id='word_1_59' title='bbox 1392 637 1545 680; x_wconf 80' lang='lat' dir='ltr'>Christi</span> <span class='ocrx_word' id='word_1_60' title='bbox 1565 636 1757 694; x_wconf 76' lang='lat' dir='ltr'>discipuli</span> 
     </span>
     <span class='ocr_line' id='line_1_8' title="bbox 381 702 1754 760; baseline -0.001 -16"><span class='ocrx_word' id='word_1_61' title='bbox 381 717 472 747; x_wconf 81' lang='lat' dir='ltr'><strong>esse</strong></span> <span class='ocrx_word' id='word_1_62' title='bbox 490 702 684 760; x_wconf 79' lang='lat' dir='ltr'>cupimus</span> <span class='ocrx_word' id='word_1_63' title='bbox 701 737 709 751; x_wconf 85' lang='lat'><em>,</em></span> <span class='ocrx_word' id='word_1_64' title='bbox 735 704 767 744; x_wconf 74' lang='lat' dir='ltr'>si</span> <span class='ocrx_word' id='word_1_65' title='bbox 789 717 882 744; x_wconf 71' lang='lat' dir='ltr'><strong>vere</strong></span> <span class='ocrx_word' id='word_1_66' title='bbox 900 718 996 744; x_wconf 87' lang='lat' dir='ltr'>eum</span> <span class='ocrx_word' id='word_1_67' title='bbox 1019 711 1161 744; x_wconf 79' lang='lat' dir='ltr'><strong>tencre</strong></span> <span class='ocrx_word' id='word_1_68' title='bbox 1176 703 1388 760; x_wconf 78' lang='lat' dir='ltr'>cupimus,</span> <span class='ocrx_word' id='word_1_69' title='bbox 1411 703 1441 744; x_wconf 88' lang='lat' dir='ltr'>si</span> <span class='ocrx_word' id='word_1_70' title='bbox 1468 718 1562 744; x_wconf 83' lang='lat' dir='ltr'><strong>vere</strong></span> <span class='ocrx_word' id='word_1_71' title='bbox 1585 719 1680 744; x_wconf 87' lang='lat' dir='ltr'>cum</span> <span class='ocrx_word' id='word_1_72' title='bbox 1702 717 1754 744; x_wconf 91' lang='lat' dir='ltr'>eo</span> 
     </span>
     <span class='ocr_line' id='line_1_9' title="bbox 385 767 1757 826; baseline -0.001 -17"><span class='ocrx_word' id='word_1_73' title='bbox 385 783 559 826; x_wconf 77' lang='lat' dir='ltr'><strong>pergere</strong></span> <span class='ocrx_word' id='word_1_74' title='bbox 577 802 586 817; x_wconf 92' lang='lat'>‚</span> <span class='ocrx_word' id='word_1_75' title='bbox 614 769 727 824; x_wconf 86' lang='lat' dir='ltr'>loqui</span> <span class='ocrx_word' id='word_1_76' title='bbox 754 777 795 809; x_wconf 85' lang='lat' dir='ltr'>ct</span> <span class='ocrx_word' id='word_1_77' title='bbox 819 783 985 809; x_wconf 77' lang='lat' dir='ltr'><strong>coenare</strong></span> <span class='ocrx_word' id='word_1_78' title='bbox 1003 777 1218 824; x_wconf 64' lang='grc' dir='ltr'>ορῑειηῑιιε,</span> <span class='ocrx_word' id='word_1_79' title='bbox 1241 768 1273 809; x_wconf 82' lang='lat' dir='ltr'>si</span> <span class='ocrx_word' id='word_1_80' title='bbox 1297 769 1616 825; x_wconf 81' lang='lat' dir='ltr'>volumusquotl</span> <span class='ocrx_word' id='word_1_81' title='bbox 1638 767 1757 809; x_wconf 82' lang='lat' dir='ltr'>nobis</span> 
     </span>
     <span class='ocr_line' id='line_1_10' title="bbox 385 833 1760 891; baseline -0.001 -16"><span class='ocrx_word' id='word_1_82' title='bbox 385 834 547 891; x_wconf 70' lang='lat' dir='ltr'>frangat</span> <span class='ocrx_word' id='word_1_83' title='bbox 570 850 719 891; x_wconf 82' lang='lat' dir='ltr'><strong>panem</strong></span> <span class='ocrx_word' id='word_1_84' title='bbox 740 868 749 882; x_wconf 88' lang='lat'><em>,</em></span> <span class='ocrx_word' id='word_1_85' title='bbox 777 834 808 875; x_wconf 77' lang='lat' dir='ltr'>si</span> <span class='ocrx_word' id='word_1_86' title='bbox 833 850 930 876; x_wconf 79' lang='lat' dir='ltr'>eum</span> <span class='ocrx_word' id='word_1_87' title='bbox 950 834 1091 875; x_wconf 83' lang='lat' dir='ltr'><strong>videre</strong></span> <span class='ocrx_word' id='word_1_88' title='bbox 1109 833 1302 890; x_wconf 84' lang='lat' dir='ltr'>cupimus</span> <span class='ocrx_word' id='word_1_89' title='bbox 1329 842 1370 875; x_wconf 78' lang='lat' dir='ltr'>ct</span> <span class='ocrx_word' id='word_1_90' title='bbox 1393 848 1645 891; x_wconf 79' lang='lat' dir='ltr'><strong>agnoscere,</strong></span> <span class='ocrx_word' id='word_1_91' title='bbox 1672 842 1760 874; x_wconf 84' lang='lat' dir='ltr'>stu-</span> 
     </span>
     <span class='ocr_line' id='line_1_11' title="bbox 387 899 1763 956; baseline -0.001 -15"><span class='ocrx_word' id='word_1_92' title='bbox 387 900 560 941; x_wconf 83' lang='lat' dir='ltr'><strong>deamus</strong></span> <span class='ocrx_word' id='word_1_93' title='bbox 580 899 708 941; x_wconf 82' lang='lat' dir='ltr'>fidem</span> <span class='ocrx_word' id='word_1_94' title='bbox 734 899 905 947; x_wconf 81' lang='lat' dir='ltr'><strong>habere,</strong></span> <span class='ocrx_word' id='word_1_95' title='bbox 923 899 1067 940; x_wconf 80' lang='lat' dir='ltr'>odium</span> <span class='ocrx_word' id='word_1_96' title='bbox 1092 900 1303 956; x_wconf 81' lang='lat' dir='ltr'><strong>deponere</strong></span> <span class='ocrx_word' id='word_1_97' title='bbox 1318 932 1329 948; x_wconf 93' lang='lat'>‚</span> <span class='ocrx_word' id='word_1_98' title='bbox 1348 908 1460 940; x_wconf 72' lang='lat' dir='ltr'>caste</span> <span class='ocrx_word' id='word_1_99' title='bbox 1482 900 1618 940; x_wconf 77' lang='lat' dir='ltr'><strong>vivere</strong></span> <span class='ocrx_word' id='word_1_100' title='bbox 1633 931 1641 945; x_wconf 86' lang='lat'>,</span> <span class='ocrx_word' id='word_1_101' title='bbox 1668 913 1763 940; x_wconf 84' lang='lat' dir='ltr'>ava-</span> 
     </span>
     <span class='ocr_line' id='line_1_12' title="bbox 389 965 1762 1022; baseline -0.001 -16"><span class='ocrx_word' id='word_1_102' title='bbox 389 965 526 1007; x_wconf 79' lang='lat' dir='ltr'>ritiam</span> <span class='ocrx_word' id='word_1_103' title='bbox 549 966 758 1013; x_wconf 78' lang='lat' dir='ltr'><strong>devitare,</strong></span> <span class='ocrx_word' id='word_1_104' title='bbox 795 965 1016 1007; x_wconf 78' lang='lat' dir='ltr'>mendacia</span> <span class='ocrx_word' id='word_1_105' title='bbox 1051 980 1312 1022; x_wconf 77' lang='lat' dir='ltr'><strong>praecavere,</strong></span> <span class='ocrx_word' id='word_1_106' title='bbox 1357 967 1498 1022; x_wconf 75' lang='lat' dir='ltr'>gulam</span> <span class='ocrx_word' id='word_1_107' title='bbox 1544 965 1728 1007; x_wconf 82' lang='lat' dir='ltr'><strong>devitare</strong></span> <span class='ocrx_word' id='word_1_108' title='bbox 1753 996 1762 1012; x_wconf 87' lang='lat'><em>,</em></span> 
     </span>
     <span class='ocr_line' id='line_1_13' title="bbox 391 1029 1769 1087; baseline -0.001 -16"><span class='ocrx_word' id='word_1_109' title='bbox 391 1030 634 1087; x_wconf 77' lang='lat' dir='ltr'><strong>frequenter</strong></span> <span class='ocrx_word' id='word_1_110' title='bbox 671 1045 813 1078; x_wconf 84' lang='lat' dir='ltr'><strong>orare,</strong></span> <span class='ocrx_word' id='word_1_111' title='bbox 849 1030 1093 1072; x_wconf 79' lang='lat' dir='ltr'>societatem</span> <span class='ocrx_word' id='word_1_112' title='bbox 1127 1030 1279 1071; x_wconf 77' lang='lat' dir='ltr'>malam</span> <span class='ocrx_word' id='word_1_113' title='bbox 1316 1029 1458 1086; x_wconf 81' lang='lat' dir='ltr'><strong>sugere</strong></span> <span class='ocrx_word' id='word_1_114' title='bbox 1475 1063 1484 1077; x_wconf 94' lang='lat'><strong><em>,</em></strong></span> <span class='ocrx_word' id='word_1_115' title='bbox 1525 1029 1769 1085; x_wconf 79' lang='lat' dir='ltr'><strong>frequenter</strong></span> 
     </span>
     <span class='ocr_line' id='line_1_14' title="bbox 395 1095 1771 1153; baseline -0.001 -16"><span class='ocrx_word' id='word_1_116' title='bbox 395 1097 503 1137; x_wconf 79' lang='lat' dir='ltr'>mala</span> <span class='ocrx_word' id='word_1_117' title='bbox 526 1096 737 1137; x_wconf 81' lang='lat' dir='ltr'>sacerdoti</span> <span class='ocrx_word' id='word_1_118' title='bbox 764 1097 1014 1153; x_wconf 81' lang='lat' dir='ltr'><strong>propalare,</strong></span> <span class='ocrx_word' id='word_1_119' title='bbox 1041 1095 1114 1137; x_wconf 90' lang='lat' dir='ltr'>Dei</span> <span class='ocrx_word' id='word_1_120' title='bbox 1137 1095 1312 1137; x_wconf 80' lang='lat' dir='ltr'><strong>verbum</strong></span> <span class='ocrx_word' id='word_1_121' title='bbox 1338 1096 1518 1137; x_wconf 80' lang='lat' dir='ltr'>libenter</span> <span class='ocrx_word' id='word_1_122' title='bbox 1550 1095 1695 1137; x_wconf 83' lang='lat' dir='ltr'>audire</span> <span class='ocrx_word' id='word_1_123' title='bbox 1730 1103 1771 1136; x_wconf 81' lang='lat' dir='ltr'>et</span> 
     </span>
     <span class='ocr_line' id='line_1_15' title="bbox 395 1162 1774 1219; baseline -0.002 -15"><span class='ocrx_word' id='word_1_124' title='bbox 395 1163 640 1219; x_wconf 83' lang='lat' dir='ltr'><strong>frequenter</strong></span> <span class='ocrx_word' id='word_1_125' title='bbox 658 1162 761 1204; x_wconf 77' lang='lat' dir='ltr'>illud</span> <span class='ocrx_word' id='word_1_126' title='bbox 783 1172 950 1211; x_wconf 81' lang='lat' dir='ltr'><strong>tenere,</strong></span> <span class='ocrx_word' id='word_1_127' title='bbox 976 1163 1026 1204; x_wconf 86' lang='lat' dir='ltr'><strong>de</strong></span> <span class='ocrx_word' id='word_1_128' title='bbox 1040 1162 1128 1204; x_wconf 90' lang='lat' dir='ltr'>Deo</span> <span class='ocrx_word' id='word_1_129' title='bbox 1151 1177 1318 1219; x_wconf 78' lang='lat' dir='ltr'><strong>semper</strong></span> <span class='ocrx_word' id='word_1_130' title='bbox 1341 1163 1454 1218; x_wconf 86' lang='lat' dir='ltr'>loqui</span> <span class='ocrx_word' id='word_1_131' title='bbox 1475 1162 1611 1204; x_wconf 79' lang='lat' dir='ltr'>:etsie</span> <span class='ocrx_word' id='word_1_132' title='bbox 1635 1175 1774 1202; x_wconf 81' lang='lat' dir='ltr'><strong>mere-</strong></span> 
     </span>
     <span class='ocr_line' id='line_1_16' title="bbox 397 1227 1772 1284; baseline -0.001 -15"><span class='ocrx_word' id='word_1_133' title='bbox 397 1228 541 1269; x_wconf 84' lang='lat' dir='ltr'>bimur</span> <span class='ocrx_word' id='word_1_134' title='bbox 563 1242 639 1284; x_wconf 83' lang='lat' dir='ltr'><strong>per</strong></span> <span class='ocrx_word' id='word_1_135' title='bbox 657 1228 832 1284; x_wconf 77' lang='lat' dir='ltr'>gratiam</span> <span class='ocrx_word' id='word_1_136' title='bbox 850 1227 1019 1270; x_wconf 84' lang='lat' dir='ltr'>Christo</span> <span class='ocrx_word' id='word_1_137' title='bbox 1044 1228 1261 1277; x_wconf 78' lang='lat' dir='ltr'>associari,</span> <span class='ocrx_word' id='word_1_138' title='bbox 1291 1242 1388 1270; x_wconf 87' lang='lat' dir='ltr'>cum</span> <span class='ocrx_word' id='word_1_139' title='bbox 1407 1227 1572 1269; x_wconf 82' lang='lat' dir='ltr'>Christo</span> <span class='ocrx_word' id='word_1_140' title='bbox 1587 1241 1772 1273; x_wconf 79' lang='lat' dir='ltr'><strong>coenare,</strong></span> 
     </span>
     <span class='ocr_line' id='line_1_17' title="bbox 399 1293 945 1335; baseline 0 0"><span class='ocrx_word' id='word_1_141' title='bbox 399 1309 497 1335; x_wconf 87' lang='lat' dir='ltr'>cum</span> <span class='ocrx_word' id='word_1_142' title='bbox 526 1293 695 1334; x_wconf 84' lang='lat' dir='ltr'>Christo</span> <span class='ocrx_word' id='word_1_143' title='bbox 715 1294 945 1335; x_wconf 81' lang='lat' dir='ltr'><strong>ambulare.</strong></span> 
     </span>
    </p>

    <p class='ocr_par' dir='ltr' id='par_1_3' title="bbox 403 1358 1798 2337">
     <span class='ocr_line' id='line_1_18' title="bbox 460 1358 1778 1414; baseline -0.002 -14"><span class='ocrx_word' id='word_1_144' title='bbox 460 1359 530 1400; x_wconf 91' lang='lat' dir='ltr'>Ill.</span> <span class='ocrx_word' id='word_1_145' title='bbox 569 1358 652 1400; x_wconf 84' lang='lat' dir='ltr'><strong>Sed</strong></span> <span class='ocrx_word' id='word_1_146' title='bbox 674 1359 801 1414; x_wconf 81' lang='lat' dir='ltr'>aliqui</span> <span class='ocrx_word' id='word_1_147' title='bbox 824 1367 944 1409; x_wconf 84' lang='lat' dir='ltr'>sunt,</span> <span class='ocrx_word' id='word_1_148' title='bbox 969 1360 1117 1400; x_wconf 81' lang='lat' dir='ltr'><strong>fratres</strong></span> <span class='ocrx_word' id='word_1_149' title='bbox 1138 1358 1239 1406; x_wconf 88' lang='lat' dir='ltr'>mei,</span> <span class='ocrx_word' id='word_1_150' title='bbox 1262 1361 1313 1401; x_wconf 89' lang='lat' dir='ltr'><strong>de</strong></span> <span class='ocrx_word' id='word_1_151' title='bbox 1332 1358 1499 1400; x_wconf 84' lang='lat' dir='ltr'>Christo</span> <span class='ocrx_word' id='word_1_152' title='bbox 1521 1372 1606 1400; x_wconf 90' lang='lat' dir='ltr'>non</span> <span class='ocrx_word' id='word_1_153' title='bbox 1631 1371 1778 1399; x_wconf 81' lang='lat' dir='ltr'>curan-</span> 
     </span>
     <span class='ocr_line' id='line_1_19' title="bbox 403 1422 1774 1482; baseline -0.002 -16"><span class='ocrx_word' id='word_1_154' title='bbox 403 1434 494 1473; x_wconf 80' lang='lat' dir='ltr'><strong>tes,</strong></span> <span class='ocrx_word' id='word_1_155' title='bbox 542 1426 614 1466; x_wconf 84' lang='lat' dir='ltr'><strong>sed</strong></span> <span class='ocrx_word' id='word_1_156' title='bbox 647 1424 686 1465; x_wconf 88' lang='lat' dir='ltr'>in</span> <span class='ocrx_word' id='word_1_157' title='bbox 719 1425 897 1482; x_wconf 84' lang='lat' dir='ltr'>propriis</span> <span class='ocrx_word' id='word_1_158' title='bbox 930 1424 1198 1466; x_wconf 71' lang='lat' dir='ltr'>facultatibus</span> <span class='ocrx_word' id='word_1_159' title='bbox 1234 1433 1277 1467; x_wconf 83' lang='lat' dir='ltr'>et</span> <span class='ocrx_word' id='word_1_160' title='bbox 1309 1425 1464 1466; x_wconf 80' lang='lat' dir='ltr'>viribus</span> <span class='ocrx_word' id='word_1_161' title='bbox 1497 1422 1774 1466; x_wconf 85' lang='lat' dir='ltr'>confidentes.</span> 
     </span>
     <span class='ocr_line' id='line_1_20' title="bbox 404 1490 1780 1548; baseline -0.002 -16"><span class='ocrx_word' id='word_1_162' title='bbox 404 1491 526 1532; x_wconf 72' lang='lat' dir='ltr'><strong>Tales</strong></span> <span class='ocrx_word' id='word_1_163' title='bbox 548 1499 644 1532; x_wconf 80' lang='lat' dir='ltr'>sunt</span> <span class='ocrx_word' id='word_1_164' title='bbox 669 1490 725 1531; x_wconf 89' lang='lat' dir='ltr'>illi</span> <span class='ocrx_word' id='word_1_165' title='bbox 762 1491 833 1547; x_wconf 85' lang='lat' dir='ltr'>qui</span> <span class='ocrx_word' id='word_1_166' title='bbox 867 1490 1176 1548; x_wconf 81' lang='lat' dir='ltr'>philosophiam</span> <span class='ocrx_word' id='word_1_167' title='bbox 1210 1491 1340 1548; x_wconf 80' lang='lat' dir='ltr'>magis</span> <span class='ocrx_word' id='word_1_168' title='bbox 1363 1505 1486 1547; x_wconf 83' lang='lat' dir='ltr'>quam</span> <span class='ocrx_word' id='word_1_169' title='bbox 1518 1490 1780 1546; x_wconf 72' lang='lat' dir='ltr'>Scriptorum</span> 
     </span>
     <span class='ocr_line' id='line_1_21' title="bbox 407 1555 1780 1613; baseline -0.002 -16"><span class='ocrx_word' id='word_1_170' title='bbox 407 1571 568 1598; x_wconf 80' lang='lat' dir='ltr'>sacram</span> <span class='ocrx_word' id='word_1_171' title='bbox 610 1555 930 1613; x_wconf 77' lang='lat' dir='ltr'><strong>apprehendere</strong></span> <span class='ocrx_word' id='word_1_172' title='bbox 954 1566 1188 1605; x_wconf 75' lang='lat' dir='ltr'>conantur:</span> <span class='ocrx_word' id='word_1_173' title='bbox 1220 1557 1286 1597; x_wconf 75' lang='lat' dir='ltr'>isti</span> <span class='ocrx_word' id='word_1_174' title='bbox 1320 1571 1480 1598; x_wconf 73' lang='lat' dir='ltr'>sacram</span> <span class='ocrx_word' id='word_1_175' title='bbox 1518 1555 1780 1612; x_wconf 76' lang='lat' dir='ltr'>Scripturam</span> 
     </span>
     <span class='ocr_line' id='line_1_22' title="bbox 409 1620 1785 1670; baseline -0.001 -9"><span class='ocrx_word' id='word_1_176' title='bbox 409 1621 607 1661; x_wconf 77' lang='lat' dir='ltr'>timentes</span> <span class='ocrx_word' id='word_1_177' title='bbox 624 1653 633 1669; x_wconf 91' lang='lat'><strong>,</strong></span> <span class='ocrx_word' id='word_1_178' title='bbox 656 1636 747 1661; x_wconf 86' lang='lat' dir='ltr'>eam</span> <span class='ocrx_word' id='word_1_179' title='bbox 768 1620 1046 1670; x_wconf 73' lang='lat' dir='ltr'><strong>destruentes,</strong></span> <span class='ocrx_word' id='word_1_180' title='bbox 1065 1637 1156 1663; x_wconf 81' lang='lat' dir='ltr'>eam</span> <span class='ocrx_word' id='word_1_181' title='bbox 1180 1621 1444 1668; x_wconf 71' lang='lat' dir='ltr'><strong>deridentes,</strong></span> <span class='ocrx_word' id='word_1_182' title='bbox 1470 1635 1561 1662; x_wconf 75' lang='lat' dir='ltr'>enm</span> <span class='ocrx_word' id='word_1_183' title='bbox 1585 1622 1637 1661; x_wconf 80' lang='lat' dir='ltr'>ad</span> <span class='ocrx_word' id='word_1_184' title='bbox 1663 1621 1785 1661; x_wconf 85' lang='lat' dir='ltr'><strong>bene-</strong></span> 
     </span>
     <span class='ocr_line' id='line_1_23' title="bbox 412 1686 1785 1745; baseline 0 -19"><span class='ocrx_word' id='word_1_185' title='bbox 412 1687 611 1743; x_wconf 85' lang='lat' dir='ltr'>placitum</span> <span class='ocrx_word' id='word_1_186' title='bbox 633 1695 904 1743; x_wconf 75' lang='lat' dir='ltr'><strong>exponentes.</strong></span> <span class='ocrx_word' id='word_1_187' title='bbox 936 1688 1005 1729; x_wconf 81' lang='lat' dir='ltr'>lsti</span> <span class='ocrx_word' id='word_1_188' title='bbox 1031 1697 1128 1729; x_wconf 79' lang='lat' dir='ltr'>sunt</span> <span class='ocrx_word' id='word_1_189' title='bbox 1152 1688 1282 1745; x_wconf 79' lang='lat' dir='ltr'>pigri,</span> <span class='ocrx_word' id='word_1_190' title='bbox 1310 1688 1380 1744; x_wconf 84' lang='lat' dir='ltr'>qui</span> <span class='ocrx_word' id='word_1_191' title='bbox 1409 1687 1557 1729; x_wconf 78' lang='lat' dir='ltr'>timent</span> <span class='ocrx_word' id='word_1_192' title='bbox 1580 1702 1631 1728; x_wconf 91' lang='lat' dir='ltr'><strong>ne</strong></span> <span class='ocrx_word' id='word_1_193' title='bbox 1651 1686 1785 1727; x_wconf 79' lang='lat' dir='ltr'>sciant</span> 
     </span>
     <span class='ocr_line' id='line_1_24' title="bbox 414 1752 1786 1810; baseline -0.001 -17"><span class='ocrx_word' id='word_1_194' title='bbox 414 1755 518 1793; x_wconf 81' lang='lat' dir='ltr'>viam</span> <span class='ocrx_word' id='word_1_195' title='bbox 544 1752 799 1808; x_wconf 81' lang='lat' dir='ltr'>poenitentiae</span> <span class='ocrx_word' id='word_1_196' title='bbox 816 1769 826 1799; x_wconf 86' lang='lat'>;</span> <span class='ocrx_word' id='word_1_197' title='bbox 846 1752 909 1793; x_wconf 80' lang='lat' dir='ltr'>isti</span> <span class='ocrx_word' id='word_1_198' title='bbox 928 1762 1026 1794; x_wconf 82' lang='lat' dir='ltr'>suut</span> <span class='ocrx_word' id='word_1_199' title='bbox 1043 1754 1233 1810; x_wconf 74' lang='lat' dir='ltr'>superbi,</span> <span class='ocrx_word' id='word_1_200' title='bbox 1259 1762 1455 1810; x_wconf 81' lang='lat' dir='ltr'>putantes</span> <span class='ocrx_word' id='word_1_201' title='bbox 1468 1768 1612 1794; x_wconf 80' lang='lat' dir='ltr'><strong>verum</strong></span> <span class='ocrx_word' id='word_1_202' title='bbox 1634 1752 1786 1794; x_wconf 74' lang='lat' dir='ltr'>falsum</span> 
     </span>
     <span class='ocr_line' id='line_1_25' title="bbox 415 1817 1788 1874; baseline -0.002 -15"><span class='ocrx_word' id='word_1_203' title='bbox 415 1827 457 1859; x_wconf 85' lang='lat' dir='ltr'>et</span> <span class='ocrx_word' id='word_1_204' title='bbox 478 1817 626 1858; x_wconf 58' lang='lat' dir='ltr'>salsum</span> <span class='ocrx_word' id='word_1_205' title='bbox 651 1832 824 1866; x_wconf 56' lang='lat' dir='ltr'><strong>vernum</strong></span> <span class='ocrx_word' id='word_1_206' title='bbox 865 1818 930 1860; x_wconf 83' lang='lat' dir='ltr'>isti</span> <span class='ocrx_word' id='word_1_207' title='bbox 968 1827 1065 1860; x_wconf 81' lang='lat' dir='ltr'>sunt</span> <span class='ocrx_word' id='word_1_208' title='bbox 1107 1818 1292 1860; x_wconf 70' lang='lat' dir='ltr'>haeretici</span> <span class='ocrx_word' id='word_1_209' title='bbox 1311 1850 1319 1865; x_wconf 93' lang='lat'>,</span> <span class='ocrx_word' id='word_1_210' title='bbox 1355 1819 1424 1874; x_wconf 76' lang='lat' dir='ltr'>qui</span> <span class='ocrx_word' id='word_1_211' title='bbox 1448 1833 1540 1859; x_wconf 83' lang='lat' dir='ltr'>eam</span> <span class='ocrx_word' id='word_1_212' title='bbox 1570 1819 1788 1858; x_wconf 78' lang='lat' dir='ltr'><strong>destruere</strong></span> 
     </span>
     <span class='ocr_line' id='line_1_26' title="bbox 417 1882 1791 1941; baseline -0.001 -17"><span class='ocrx_word' id='word_1_213' title='bbox 417 1883 676 1925; x_wconf 74' lang='lat' dir='ltr'>conatisunt.</span> <span class='ocrx_word' id='word_1_214' title='bbox 693 1883 729 1925; x_wconf 91' lang='lat' dir='ltr'>O</span> <span class='ocrx_word' id='word_1_215' title='bbox 754 1883 988 1940; x_wconf 86' lang='lat' dir='ltr'>philosophi</span> <span class='ocrx_word' id='word_1_216' title='bbox 1005 1917 1013 1932; x_wconf 93' lang='lat'>‚</span> <span class='ocrx_word' id='word_1_217' title='bbox 1034 1900 1058 1926; x_wconf 91' lang='lat' dir='ltr'>o</span> <span class='ocrx_word' id='word_1_218' title='bbox 1075 1886 1232 1926; x_wconf 80' lang='lat' dir='ltr'>utinam</span> <span class='ocrx_word' id='word_1_219' title='bbox 1255 1899 1351 1925; x_wconf 80' lang='lat' dir='ltr'><strong>vere</strong></span> <span class='ocrx_word' id='word_1_220' title='bbox 1371 1883 1610 1941; x_wconf 78' lang='lat' dir='ltr'>philosophi</span> <span class='ocrx_word' id='word_1_221' title='bbox 1626 1882 1791 1925; x_wconf 62' lang='lat' dir='ltr'><strong>{Veniet</strong></span> 
     </span>
     <span class='ocr_line' id='line_1_27' title="bbox 421 1949 1791 2005; baseline -0.001 -15"><span class='ocrx_word' id='word_1_222' title='bbox 421 1949 507 1990; x_wconf 83' lang='lat' dir='ltr'>dics</span> <span class='ocrx_word' id='word_1_223' title='bbox 530 1963 611 2005; x_wconf 84' lang='lat' dir='ltr'>qua</span> <span class='ocrx_word' id='word_1_224' title='bbox 636 1949 783 1990; x_wconf 85' lang='lat' dir='ltr'>dicetis</span> <span class='ocrx_word' id='word_1_225' title='bbox 810 1964 851 1989; x_wconf 75' lang='lat' dir='ltr'>z«</span> <span class='ocrx_word' id='word_1_226' title='bbox 864 1949 1016 1990; x_wconf 85' lang='lat' dir='ltr'>Melius</span> <span class='ocrx_word' id='word_1_227' title='bbox 1041 1949 1183 1992; x_wconf 80' lang='lat' dir='ltr'>suisset</span> <span class='ocrx_word' id='word_1_228' title='bbox 1206 1949 1314 1992; x_wconf 77' lang='lat' dir='ltr'>viam</span> <span class='ocrx_word' id='word_1_229' title='bbox 1334 1949 1517 1991; x_wconf 73' lang='lat' dir='ltr'>scientim</span> <span class='ocrx_word' id='word_1_230' title='bbox 1540 1964 1624 1990; x_wconf 90' lang='lat' dir='ltr'>non</span> <span class='ocrx_word' id='word_1_231' title='bbox 1649 1961 1791 2005; x_wconf 79' lang='lat' dir='ltr'>agnos·</span> 
     </span>
     <span class='ocr_line' id='line_1_28' title="bbox 421 2012 1792 2073; baseline 0 -19"><span class='ocrx_word' id='word_1_232' title='bbox 421 2034 436 2054; x_wconf 76' lang='lat' dir='ltr'>x&gt;</span> <span class='ocrx_word' id='word_1_233' title='bbox 451 2031 566 2064; x_wconf 86' lang='lat' dir='ltr'><strong>cere,</strong></span> <span class='ocrx_word' id='word_1_234' title='bbox 592 2029 717 2072; x_wconf 86' lang='lat' dir='ltr'>quam</span> <span class='ocrx_word' id='word_1_235' title='bbox 734 2024 827 2072; x_wconf 80' lang='lat' dir='ltr'>post</span> <span class='ocrx_word' id='word_1_236' title='bbox 845 2016 1025 2071; x_wconf 80' lang='lat' dir='ltr'>agnitam</span> <span class='ocrx_word' id='word_1_237' title='bbox 1043 2014 1286 2071; x_wconf 22' lang='lat' dir='ltr'><strong>retro&#39;IreA’.»</strong></span> <span class='ocrx_word' id='word_1_238' title='bbox 1301 2015 1558 2073; x_wconf 82' lang='lat' dir='ltr'><strong>Aperientur</strong></span> <span class='ocrx_word' id='word_1_239' title='bbox 1576 2023 1678 2056; x_wconf 85' lang='lat' dir='ltr'>tunc</span> <span class='ocrx_word' id='word_1_240' title='bbox 1696 2012 1792 2055; x_wconf 86' lang='lat' dir='ltr'>libri</span> 
     </span>
     <span class='ocr_line' id='line_1_29' title="bbox 420 2079 1781 2137; baseline -0.004 -13"><span class='ocrx_word' id='word_1_241' title='bbox 420 2081 570 2128; x_wconf 83' lang='lat' dir='ltr'>vestri,</span> <span class='ocrx_word' id='word_1_242' title='bbox 604 2089 667 2129; x_wconf 84' lang='lat' dir='ltr'>et,</span> <span class='ocrx_word' id='word_1_243' title='bbox 708 2082 848 2123; x_wconf 81' lang='lat' dir='ltr'>clausa</span> <span class='ocrx_word' id='word_1_244' title='bbox 881 2081 1004 2137; x_wconf 83' lang='lat' dir='ltr'>janua</span> <span class='ocrx_word' id='word_1_245' title='bbox 1024 2116 1033 2130; x_wconf 82' lang='grc'>,</span> <span class='ocrx_word' id='word_1_246' title='bbox 1063 2082 1179 2124; x_wconf 78' lang='lat' dir='ltr'>vobis</span> <span class='ocrx_word' id='word_1_247' title='bbox 1204 2082 1369 2123; x_wconf 78' lang='lat' dir='ltr'>dicetur</span> <span class='ocrx_word' id='word_1_248' title='bbox 1395 2080 1599 2123; x_wconf 87' lang='lat' dir='ltr'>:«Nescio</span> <span class='ocrx_word' id='word_1_249' title='bbox 1622 2079 1739 2121; x_wconf 76' lang='lat' dir='ltr'>vos‘⁴.</span> <span class='ocrx_word' id='word_1_250' title='bbox 1768 2097 1781 2117; x_wconf 81' lang='grc' dir='ltr'><strong><em>ο</em></strong></span> 
     </span>
     <span class='ocr_line' id='line_1_30' title="bbox 424 2146 1796 2204; baseline -0.002 -17"><span class='ocrx_word' id='word_1_251' title='bbox 424 2148 529 2199; x_wconf 61' lang='lat' dir='ltr'><strong>Quae</strong></span> <span class='ocrx_word' id='word_1_252' title='bbox 547 2155 608 2187; x_wconf 82' lang='lat' dir='ltr'>est</span> <span class='ocrx_word' id='word_1_253' title='bbox 626 2147 737 2188; x_wconf 89' lang='lat' dir='ltr'>enim</span> <span class='ocrx_word' id='word_1_254' title='bbox 760 2146 896 2203; x_wconf 80' lang='lat' dir='ltr'>major</span> <span class='ocrx_word' id='word_1_255' title='bbox 914 2147 1111 2194; x_wconf 81' lang='lat' dir='ltr'>scientia,</span> <span class='ocrx_word' id='word_1_256' title='bbox 1135 2162 1259 2204; x_wconf 79' lang='lat' dir='ltr'>quam</span> <span class='ocrx_word' id='word_1_257' title='bbox 1275 2147 1380 2190; x_wconf 86' lang='lat' dir='ltr'>scire</span> <span class='ocrx_word' id='word_1_258' title='bbox 1401 2162 1492 2203; x_wconf 85' lang='lat' dir='ltr'>quae</span> <span class='ocrx_word' id='word_1_259' title='bbox 1510 2146 1585 2189; x_wconf 85' lang='lat' dir='ltr'>Dei</span> <span class='ocrx_word' id='word_1_260' title='bbox 1608 2153 1727 2191; x_wconf 88' lang='lat' dir='ltr'>sunt,</span> <span class='ocrx_word' id='word_1_261' title='bbox 1755 2152 1796 2185; x_wconf 79' lang='lat' dir='ltr'>et</span> 
     </span>
     <span class='ocr_line' id='line_1_31' title="bbox 423 2212 1796 2271; baseline -0.002 -17"><span class='ocrx_word' id='word_1_262' title='bbox 423 2213 637 2271; x_wconf 84' lang='lat' dir='ltr'>quomodo</span> <span class='ocrx_word' id='word_1_263' title='bbox 656 2213 894 2255; x_wconf 77' lang='lat' dir='ltr'>incarnatus</span> <span class='ocrx_word' id='word_1_264' title='bbox 916 2223 1003 2262; x_wconf 83' lang='lat' dir='ltr'><strong>est,</strong></span> <span class='ocrx_word' id='word_1_265' title='bbox 1032 2214 1243 2270; x_wconf 87' lang='lat' dir='ltr'>quomodo</span> <span class='ocrx_word' id='word_1_266' title='bbox 1263 2221 1532 2256; x_wconf 79' lang='lat' dir='ltr'>conversatus</span> <span class='ocrx_word' id='word_1_267' title='bbox 1551 2245 1561 2261; x_wconf 90' lang='lat'>,</span> <span class='ocrx_word' id='word_1_268' title='bbox 1583 2212 1796 2268; x_wconf 83' lang='lat' dir='ltr'>quomodo</span> 
     </span>
     <span class='ocr_line' id='line_1_32' title="bbox 424 2278 1798 2337; baseline -0.004 -15"><span class='ocrx_word' id='word_1_269' title='bbox 424 2294 567 2337; x_wconf 81' lang='lat' dir='ltr'>passus</span> <span class='ocrx_word' id='word_1_270' title='bbox 602 2288 644 2321; x_wconf 81' lang='lat' dir='ltr'>et</span> <span class='ocrx_word' id='word_1_271' title='bbox 671 2278 954 2322; x_wconf 80' lang='lat' dir='ltr'>resuscitatus.</span> <span class='ocrx_word' id='word_1_272' title='bbox 984 2280 1082 2321; x_wconf 75' lang='lat' dir='ltr'>Haec</span> <span class='ocrx_word' id='word_1_273' title='bbox 1112 2279 1362 2322; x_wconf 83' lang='lat' dir='ltr'>estscientia</span> <span class='ocrx_word' id='word_1_274' title='bbox 1385 2294 1503 2327; x_wconf 83' lang='lat' dir='ltr'><strong>vera,</strong></span> <span class='ocrx_word' id='word_1_275' title='bbox 1531 2292 1614 2320; x_wconf 87' lang='lat' dir='ltr'>non</span> <span class='ocrx_word' id='word_1_276' title='bbox 1640 2292 1704 2319; x_wconf 81' lang='lat' dir='ltr'><strong>res</strong></span> <span class='ocrx_word' id='word_1_277' title='bbox 1724 2290 1798 2333; x_wconf 82' lang='lat' dir='ltr'><strong>per</strong></span> 
     </span>
    </p>
   </div>
   <div class='ocr_carea' id='block_1_3' title="bbox 426 2387 1796 2579">
    <p class='ocr_par' dir='ltr' id='par_1_4' title="bbox 426 2387 1796 2579">
     <span class='ocr_line' id='line_1_33' title="bbox 474 2387 1796 2437; baseline -0.002 -13"><span class='ocrx_word' id='word_1_278' title='bbox 474 2393 483 2415; x_wconf 87' lang='lat'><strong>¹</strong></span> <span class='ocrx_word' id='word_1_279' title='bbox 504 2396 580 2425; x_wconf 85' lang='lat' dir='ltr'>Luc.</span> <span class='ocrx_word' id='word_1_280' title='bbox 599 2404 688 2431; x_wconf 70' lang='lat' dir='ltr'>xxiv,</span> <span class='ocrx_word' id='word_1_281' title='bbox 711 2406 767 2436; x_wconf 59' lang='grc' dir='ltr'>’.ι-χ,</span> <span class='ocrx_word' id='word_1_282' title='bbox 796 2400 829 2426; x_wconf 77' lang='lat' dir='ltr'>et</span> <span class='ocrx_word' id='word_1_283' title='bbox 847 2405 934 2437; x_wconf 82' lang='lat' dir='ltr'><strong>seqq.</strong></span> <span class='ocrx_word' id='word_1_284' title='bbox 960 2411 1005 2418; x_wconf 92' lang='lat'>—-</span> <span class='ocrx_word' id='word_1_285' title='bbox 1024 2393 1038 2415; x_wconf 81' lang='lat'><strong>²</strong></span> <span class='ocrx_word' id='word_1_286' title='bbox 1064 2394 1147 2428; x_wconf 89' lang='lat' dir='ltr'>Ibid.</span> <span class='ocrx_word' id='word_1_287' title='bbox 1171 2396 1225 2426; x_wconf 78' lang='lat'>31.</span> <span class='ocrx_word' id='word_1_288' title='bbox 1243 2413 1284 2418; x_wconf 91' lang='lat'>—-</span> <span class='ocrx_word' id='word_1_289' title='bbox 1300 2390 1314 2416; x_wconf 81' lang='grc'>3</span> <span class='ocrx_word' id='word_1_290' title='bbox 1334 2405 1352 2424; x_wconf 79' lang='lat'><em>2</em></span> <span class='ocrx_word' id='word_1_291' title='bbox 1368 2395 1453 2425; x_wconf 80' lang='lat' dir='ltr'><strong>Petr.</strong></span> <span class='ocrx_word' id='word_1_292' title='bbox 1469 2403 1503 2432; x_wconf 84' lang='lat'>11,</span> <span class='ocrx_word' id='word_1_293' title='bbox 1517 2403 1634 2425; x_wconf 80' lang='lat'>21.--</span> <span class='ocrx_word' id='word_1_294' title='bbox 1650 2387 1796 2422; x_wconf 53' lang='grc' dir='ltr'>4ΜὲιῑῑΙι.</span> 
     </span>
     <span class='ocr_line' id='line_1_34' title="bbox 426 2460 572 2487; baseline 0 -6"><span class='ocrx_word' id='word_1_295' title='bbox 426 2460 500 2487; x_wconf 70' lang='grc' dir='ltr'>ιιν,</span> <span class='ocrx_word' id='word_1_296' title='bbox 520 2462 572 2484; x_wconf 76' lang='lat'>12.</span> 
     </span>
     <span class='ocr_line' id='line_1_35' title="bbox 476 2529 1792 2579; baseline -0.004 -15"><span class='ocrx_word' id='word_1_297' title='bbox 476 2531 525 2577; x_wconf 83' lang='grc' dir='ltr'>(ι)</span> <span class='ocrx_word' id='word_1_298' title='bbox 545 2533 626 2566; x_wconf 92' lang='lat' dir='ltr'>Cod.</span> <span class='ocrx_word' id='word_1_299' title='bbox 643 2535 882 2578; x_wconf 68' lang='lat' dir='ltr'>componentes.</span> <span class='ocrx_word' id='word_1_300' title='bbox 930 2552 954 2558; x_wconf 95' lang='lat'>—</span> <span class='ocrx_word' id='word_1_301' title='bbox 980 2530 1031 2579; x_wconf 67' lang='grc' dir='ltr'>(α’</span> <span class='ocrx_word' id='word_1_302' title='bbox 1058 2531 1106 2567; x_wconf 84' lang='lat' dir='ltr'>Id.</span> <span class='ocrx_word' id='word_1_303' title='bbox 1123 2533 1320 2576; x_wconf 73' lang='lat' dir='ltr'><strong>frangente,</strong></span> <span class='ocrx_word' id='word_1_304' title='bbox 1348 2531 1406 2565; x_wconf 84' lang='lat' dir='ltr'>nisi</span> <span class='ocrx_word' id='word_1_305' title='bbox 1424 2530 1520 2563; x_wconf 79' lang='lat' dir='ltr'>mavis</span> <span class='ocrx_word' id='word_1_306' title='bbox 1538 2529 1654 2563; x_wconf 84' lang='lat' dir='ltr'><strong>addere</strong></span> <span class='ocrx_word' id='word_1_307' title='bbox 1670 2540 1792 2571; x_wconf 79' lang='lat' dir='ltr'>panem</span> 
     </span>
    </p>
   </div>
   <div class='ocr_carea' id='block_1_4' title="bbox 428 2588 694 2632">
    <p class='ocr_par' dir='ltr' id='par_1_5' title="bbox 428 2588 694 2632">
     <span class='ocr_line' id='line_1_36' title="bbox 428 2588 694 2632; baseline 0.011 -13"><span class='ocrx_word' id='word_1_308' title='bbox 428 2588 497 2631; x_wconf 74' lang='lat' dir='ltr'>ipso</span> <span class='ocrx_word' id='word_1_309' title='bbox 503 2588 694 2632; x_wconf 73' lang='lat' dir='ltr'>frangente.</span> 
     </span>
    </p>
   </div>
  </div>
 </body>
</html>
