1868 3301
162 382 306 417 annno
341 378 518 420 txxxu,
561 382 612 414 nn
650 382 859 413 connum
896 380 1232 419 coNrssssonuu,
1273 380 1365 414 mc.
1442 367 1534 423 435

162 470 177 490 n
194 450 298 508 ignis
311 450 375 493 vel
396 449 569 507 gladius'
603 449 652 490 Ρ»
676 448 726 490 Et
749 447 808 491 sic
830 447 1075 491 efficiuntur
1097 448 1390 491 holocaustum
1412 449 1500 491 Deo
1526 482 1536 497 ‚

164 514 329 558 accensi
349 514 445 572 igne
467 513 685 557 charitatis
701 546 710 561 ‚
738 523 778 556 et
798 514 979 556 exterius
1014 513 1102 556 sere
1136 514 1345 555 combusti
1374 513 1541 555 flamma

163 579 352 637 martyrii
377 589 418 622 et
450 580 749 622 tribulationis.
792 580 918 630 Quod
947 579 1060 621 enim
1094 579 1344 634 martyrium
1376 578 1543 635 gravius

164 655 250 693 est,
276 660 401 701 quam
434 645 543 686 inter
565 646 708 700 epulas
728 644 887 686 esurire
904 678 913 692 ‚
939 653 980 686 et
1002 644 1110 684 inter
1137 643 1304 684 divitias
1328 652 1546 700 pauperta-

164 718 249 751 tem
278 718 444 758 tenere,
479 710 588 751 iuter
610 710 733 751 salsos
759 709 1004 766 patientiam
1028 709 1186 750 habere
1205 739 1215 755 ⁷
1238 709 1346 749 iuter
1373 709 1548 749 maledi-

167 784 312 817 centes
331 775 613 817 benedicere'?
632 776 729 816 llaee
753 775 893 817 omnia
918 776 1049 817 donat
1074 773 1260 815 mundus
1281 773 1423 815 amicis
1450 774 1540 816 Dei.

165 839 391 897 Propterea
427 840 683 896 pauperibus
712 840 868 896 pariter
905 849 948 882 et
978 839 1236 897 patientibus
1262 854 1438 896 regnum
1466 854 1548 880 coe·

165 906 305 947 lorum
321 905 446 947 simul
470 920 566 947 eum
591 906 845 962 Martyribus
873 906 1157 963 promittitur,
1183 905 1278 960 quia
1303 913 1549 961 paupertate

169 978 211 1011 et
231 969 432 1026 patientia
455 985 633 1027 reguum
659 971 863 1012 coelorum
888 971 1064 1018 emitur,
1091 972 1163 1012 sed
1184 970 1224 1011 in
1247 969 1439 1025 passione
1472 984 1547 1026 pro

169 1033 337 1076 Christo
351 1035 507 1091 absque
525 1036 724 1077 dilatione
741 1036 991 1093 percipitur3
1012 1044 1054 1077 et
1074 1044 1174 1077 tunc
1195 1034 1353 1075 mundo
1366 1034 1541 1075 moriun-

167 1108 254 1147 tur,
277 1109 318 1142 et
338 1102 511 1158 capiunt
529 1103 645 1158 quod
669 1102 943 1159 promittitur.
962 1120 978 1140 a
992 1102 1028 1143 Ο
1048 1101 1229 1158 pretiosa
1247 1115 1360 1141 mors
1378 1108 1549 1142 sancto-

170 1184 186 1205 »
200 1165 310 1206 rum²
335 1167 374 1206 Σ»
391 1181 415 1209 o
435 1167 614 1224 pretiosa
638 1169 760 1224 plane
776 1176 975 1224 tanquam
1002 1166 1094 1208 {iuis
1113 1167 1306 1208 laborum
1323 1199 1331 1214 ,
1356 1175 1550 1221 tanquam

169 1231 360 1273 victoriae
395 1233 708 1274 consummatio
725 1267 735 1282 ,
771 1241 971 1289 tanquam
993 1233 1086 1275 vitae
1107 1232 1258 1288 janua,
1286 1240 1326 1273 et
1352 1232 1549 1288 perfecta:

169 1297 405 1339 securitatis
427 1298 652 1355 ingressus!
677 1298 890 1346 otram-es,
912 1298 1119 1355 numquid
1140 1306 1181 1339 et
1205 1297 1269 1338 isti
1292 1297 1398 1338 mori
1424 1297 1547 1338 time-

169 1362 295 1410 bant,
325 1365 423 1405 dum
448 1365 488 1405 in
510 1379 635 1406 earne
658 1364 888 1407 vivebant?
921 1365 1125 1420 numquid
1152 1371 1333 1405 mortem
1360 1363 1550 1419 corporis

172 1427 398 1476 timebant,
423 1430 574 1485 quibus
601 1438 757 1471 aeterna
775 1430 856 1472 vita
877 1430 963 1486 jam
988 1427 1349 1486 promittebatur?
1372 1427 1476 1479 Quis
1493 1428 1546 1468 la·

170 1493 293 1535 bores
306 1495 450 1536 mortis
471 1495 617 1536 timere
640 1495 785 1544 dehet,
804 1510 902 1536 eum
918 1495 1017 1536 sein
1043 1502 1247 1551 perpetua
1262 1493 1406 1548 requie
1424 1507 1546 1533 nove-

169 1560 224 1600 rit
244 1560 573 1602 collocandum?
596 1560 668 1601 Eia
688 1559 966 1616 ergO,sratres
980 1592 991 1608 ,
1009 1560 1221 1601 diseamus
1246 1557 1398 1599 amodo
1418 1557 1548 1598 bene-

168 1625 333 1673 facere,
375 1625 639 1681 quiescamus
662 1640 785 1681 agere
810 1623 1050 1681 perverse3,
1081 1623 1387 1679 distinguamus
1409 1623 1542 1679 quali-

170 1698 234 1729 ter
257 1689 368 1730 oculi
404 1699 622 1732 vertentur
654 1690 943 1732 obscurissimi
968 1690 1007 1730 in
1040 1688 1199 1746 capite,
1226 1688 1404 1744 qualiter
1434 1703 1546 1729 vena:

170 1763 500 1810 corrumpentur
519 1756 558 1795 in
581 1769 786 1811 corpore,
822 1754 1002 1810 qualiter
1020 1754 1148 1796 corin
1171 1761 1308 1794 morte
1332 1753 1549 1795 scindetur

172 1819 332 1860 dolore.
358 1819 473 1860 Bene
496 1834 596 1876 ergo
624 1820 836 1866 vivamus,
872 1827 918 1860 ut
943 1819 1049 1860 mori
1081 1833 1166 1860 non
1204 1818 1452 1869 timeamus,
1474 1819 1546 1859 sed

170 1884 264 1924 laete
295 1883 516 1926 moriendo
538 1898 775 1926 mereamur
805 1898 902 1925 cum
926 1883 1090 1925 Sanctis
1111 1884 1307 1926 omuibus
1329 1884 1540 1925 collocari.

171 1950 320 1991 Amen.

223 2050 342 2081 ¹R01n.
363 2060 438 2091 un,
459 2050 511 2082 35.
527 2067 568 2073 -—
584 2048 599 2070 ²
615 2050 699 2083 Psai.
714 2060 786 2091 en,
812 2051 862 2081 15.
883 2066 928 2074 —
947 2047 1046 2082 ³1sui.
1074 2061 1100 2086 ι,
1123 2050 1175 2081 ι6.

1350 2785 1424 2833 28.
