1868 3301
466 314 595 346 maiza
631 316 687 347 DE
721 316 925 348 oimfflus
961 314 1229 347 vta-runssus
1250 335 1262 355 ‚
1301 314 1394 345 Ere.
1521 297 1614 354 485

249 381 366 439 quod
386 381 698 439 unusquisque,
740 384 810 439 qui
844 383 882 424 in
923 382 1000 424 hac
1037 382 1115 422 vita
1152 381 1243 438 plus
1266 379 1307 422 in
1337 379 1415 422 Dei
1449 380 1618 422 servitio

249 448 524 496 laboraverit,
549 448 752 504 majorem
782 457 875 505 post
895 457 1073 490 mortem
1098 462 1118 488 a
1140 448 1226 488 Deo
1249 446 1488 488 mercedem
1508 445 1619 488 acci·-

250 513 351 570 piet.
378 513 466 556 Nec
498 514 624 571 igitur
654 515 730 556 tibi
767 515 900 572 gravis
926 514 1116 556 videatur
1151 510 1433 554 Continentiae
1458 511 1618 561 virtum

250 578 504 621 miraculum
523 580 598 621 tibi
615 581 726 621 enim
748 580 944 633 inseram,
963 578 1156 635 quod(1)
1174 578 1213 619 in
1236 576 1460 634 Tripartita
1484 576 1621 620 Histo-

251 643 310 686 ria
343 643 403 700 (2)
442 645 608 702 legitur.
643 645 911 694 Dorotheus,
953 658 1106 702 genere
1137 643 1342 686 Thebaeus
1376 641 1470 702 (5),
1497 642 1623 685 talem

250 708 376 752 vitam
399 710 555 752 ducere
578 711 739 753 curavit
759 744 769 760 ,
791 721 835 754 ut
858 710 1047 768 quotidie
1070 709 1227 764 lapides
1254 709 1305 750 de
1330 707 1434 750 mari
1457 707 1625 763 collige·

251 783 340 823 ret,
366 783 408 817 et
426 776 542 817 annis
563 777 733 833 singulis
756 778 984 834 hospitium
1002 774 1251 820 aedificaret,
1270 783 1313 816 et
1337 774 1422 830 ipsa
1444 772 1623 829 hospitia

252 839 380 883 dabat
412 841 491 883 illis
528 842 600 897 qui
636 858 721 884 non
760 843 975 885 habebant
1007 840 1202 898 hospitia.
1241 839 1445 882 Noctibus
1483 846 1624 880 autem

252 914 425 963 propter
446 921 593 948 eorum
616 908 759 950 cibum
782 908 963 950 faciebat
984 907 1202 963 sportellas
1217 937 1228 954 ,
1254 904 1377 960 cujus
1399 904 1519 947 cibus
1535 909 1626 945 erat

250 972 370 1030 panis
396 987 469 1014 sex
488 973 712 1015 unciarum
728 1005 738 1023 ‚
763 981 805 1015 et
823 975 964 1016 oleum
987 974 1170 1015 duorum
1190 970 1476 1017 minutorum,
1495 976 1537 1010 et
1551 967 1630 1011 fas-

252 1037 415 1080 ciculus
440 1037 692 1088 herbarum,
721 1047 764 1081 et
792 1055 901 1081 unus
923 1037 1107 1096 scyphus
1127 1036 1181 1080 ad
1201 1034 1435 1078 bibendum
1458 1047 1623 1090 aquam.

251 1102 330 1146 Hic
347 1118 369 1145 a
391 1103 614 1161 juventute
638 1120 711 1147 sua
733 1106 824 1148 haec
848 1105 1026 1153 faciens,
1052 1118 1138 1146 non
1159 1101 1201 1144 in
1221 1107 1440 1144 senectute
1459 1114 1533 1142 sua
1554 1096 1630 1143 do-

251 1166 366 1212 fecit.
388 1170 487 1213 Haec
509 1172 724 1228 operando
747 1186 963 1228 nunquam
980 1170 1091 1212 visus
1111 1176 1176 1211 est
1196 1167 1238 1210 in
1258 1169 1368 1210 lecto
1391 1172 1626 1223 soporatus,

253 1234 320 1277 vel
341 1236 471 1292 pedes
497 1251 577 1294 pro
601 1237 748 1293 requie
776 1236 1028 1285 tetendisse,
1064 1242 1134 1277 aut
1156 1232 1341 1277 dormire
1370 1233 1429 1287 (l.)
1457 1245 1533 1289 per
1551 1243 1626 1273 vo-

254 1298 464 1343 luntatem
479 1334 488 1349 ,
525 1301 604 1343 nisi
627 1310 833 1358 quantum
860 1302 1075 1359 operando
1098 1307 1167 1342 aut
1189 1297 1456 1342 comedendo
1478 1302 1628 1338 nat-ura

252 1378 520 1423 compressos
552 1368 698 1410 oculos
729 1369 928 1411 claudere
948 1366 1164 1425 potuisset.
1194 1365 1255 1408 Ita
1282 1378 1411 1422 saepe,
1435 1363 1537 1405 dum
1562 1360 1624 1415 (5)

253 1432 523 1475 comedendo
557 1433 783 1484 dormiret,
823 1435 944 1477 cibus
979 1449 1032 1477 ex
1061 1432 1152 1488 ejus
1176 1447 1249 1474 ore
1277 1430 1524 1477 labebatur3
1546 1424 1628 1471 ali-

253 1497 426 1553 quando
448 1499 563 1555 gravi
582 1514 732 1542 somno
753 1509 947 1557 gravatus
961 1532 971 1548 ‚
997 1513 1096 1541 cum
1114 1498 1156 1539 in
1178 1504 1366 1539 stercore
1391 1491 1631 1542 cecidisset,

253 1562 593 1614 obdormitabat;
629 1565 948 1622 expergefactus
978 1572 1118 1606 autem
1135 1597 1144 1612 ,
1171 1560 1447 1604 contristatus
1469 1558 1546 1602 sub
1573 1556 1628 1599 si-

252 1627 382 1670 lentio
404 1629 571 1670 dicebat
593 1644 602 1671 ε
621 1647 638 1668 (ι
655 1629 698 1671 Si
716 1630 885 1687 Angelis
904 1629 1089 1671 dormire
1106 1627 1284 1671 suaseris
1303 1660 1313 1676 ,
1335 1634 1379 1668 et
1405 1623 1510 1667 mihi
1530 1624 1635 1666 ulte-

251 1693 339 1735 rius
377 1694 585 1736 suadebis.
620 1713 635 1734 »
664 1694 794 1746 Quod
826 1696 934 1738 forte
962 1695 1131 1737 dicebat
1156 1694 1209 1735 ad
1231 1705 1427 1734 somnum
1459 1697 1531 1732 aut
1550 1689 1630 1731 dae-

252 1773 449 1807 monem,
483 1759 556 1816 qui
591 1759 806 1802 nitebatur
841 1762 974 1803 bonos
1005 1760 1096 1816 ejus
1128 1767 1247 1801 actus
1278 1756 1498 1813 impedire.
1520 1753 1631 1797 Huic

253 1824 463 1866 laboranti
485 1826 655 1882 quidam
678 1827 781 1869 dixit
801 1842 810 1868 ε
828 1845 844 1866 α
874 1827 960 1868 Cur
993 1826 1048 1868 ita
1077 1824 1223 1882 affligis
1245 1838 1400 1880 corpus
1422 1830 1543 1864 tuum
1563 1818 1581 1862 Ρ
1606 1838 1622 1857 n

253 1887 308 1933 At
331 1890 419 1947 ipse
439 1892 656 1948 respondit
680 1907 689 1933 :
708 1910 722 1929 α
741 1892 851 1943 Quia
873 1907 1028 1948 corpus
1051 1907 1118 1933 me
1142 1890 1314 1932 occidit.
1343 1906 1358 1928 ο
1380 1887 1516 1944 Hujus
1538 1898 1635 1929 vero

253 1955 506 1997 sanctissimi
529 1957 726 1999 monachi
751 1957 1068 2000 Continentiam
1091 1956 1169 1998 tibi
1189 1953 1354 2012 scripsi,
1376 1968 1430 1996 ne
1453 1952 1540 2009 ipsa
1558 1949 1637 1995 tibi

259 2019 388 2062 virtus
410 2021 545 2078 gravis
566 2022 795 2070 videretur,
824 2032 870 2064 ut
891 2037 1169 2080 cognosceres
1191 2029 1399 2077 quantum
1424 2033 1445 2060 a
1469 2017 1637 2060 moder-

255 2085 319 2128 nis
342 2087 592 2143 quibusdam
618 2089 806 2145 patribus
835 2089 1055 2131 distemus.
1087 2086 1259 2130 Audivit
1281 2085 1394 2128 enim
1414 2081 1634 2126 beatitudo

257 2159 354 2200 tua,
385 2154 502 2210 quod
532 2154 772 2196 Dorotheus
809 2154 926 2197 omni
964 2169 1075 2196 anno
1111 2151 1346 2195 aedificabat
1377 2149 1528 2192 cellam
1547 2179 1557 2195 ,
1582 2152 1636 2188 vet

259 2217 433 2260 omnino
456 2219 656 2262 donabat.
681 2220 845 2262 Audisti
869 2220 995 2262 etiam
1012 2219 1126 2276 quod
1145 2219 1186 2260 in
1209 2222 1321 2260 lecto
1342 2230 1427 2258 non
1445 2212 1633 2271 jacebat,

260 2289 304 2325 et
325 2283 377 2325 de
406 2298 540 2341 pane,
566 2292 609 2326 et
638 2284 690 2326 de
720 2301 826 2343 aqua
857 2294 900 2328 et
923 2285 1065 2328 herbis
1098 2283 1277 2326 vivebat.
1314 2280 1408 2325 Non
1430 2279 1527 2322 ideo
1550 2276 1635 2320 hoc

261 2346 384 2399 dico,
408 2356 456 2391 ut
476 2357 521 2392 tu
546 2357 708 2393 tantum
729 2351 856 2394 facias
869 2383 880 2401 ‚
898 2352 972 2395 sed
989 2359 1035 2394 ut
1056 2357 1097 2393 et
1117 2358 1159 2392 te
1181 2347 1379 2392 humilies
1394 2377 1407 2396 ,
1426 2344 1639 2401 simulque

311 2477 360 2519 (1)
379 2479 478 2510 Deest
494 2478 584 2520 quod
598 2478 630 2511 in
642 2478 765 2513 eod.-
783 2482 832 2522 (a)
849 2482 929 2514 Cum
953 2480 1112 2523 tripartita
1131 2478 1264 2513 historia
1279 2488 1361 2522 opus
1379 2476 1421 2511 tit
1440 2472 1637 2509 Cassiodori.

265 2532 322 2576 qui
338 2532 507 2567 defunctus
523 2540 572 2567 est
586 2535 668 2568 circa
683 2546 803 2569 annum
824 2537 907 2576 563,
924 2537 1000 2569 hina:
1019 2536 1145 2583 exurgit
1166 2534 1340 2569 maximum
1364 2531 1506 2567 falsitatis
1524 2530 1558 2566 iu
1573 2529 1638 2563 hoe

265 2600 364 2633 opere
383 2597 619 2632 argumentum.
644 2609 692 2616 —
708 2589 760 2638 (3)
777 2593 852 2635 Ejus
868 2593 1026 2625 Dorothei
1055 2592 1168 2624 festum
1186 2590 1291 2634 agitur
1309 2591 1327 2621 5
1348 2589 1399 2621 die
1415 2587 1511 2631 junii.
1524 2603 1568 2611 -—-
1591 2582 1645 2631 (4)

265 2645 349 2681 eod.
370 2646 583 2680 dormiree.—·
604 2644 657 2693 (5)
676 2647 726 2680 Id.
745 2648 885 2688 dudum;
905 2654 936 2681 et
951 2648 1070 2682 deinde
1088 2649 1260 2680 laberetur.
