1868 3301
362 296 455 359 498
630 311 665 341 ⁸.
708 309 949 341 AueusTim
988 308 1191 341 EPlscom
1230 304 1468 341 ArPEme'.

362 378 561 433 migraret
603 377 654 418 ad
689 375 931 417 Dominum.
970 375 1053 426 Qui
1087 389 1187 416 cum
1225 375 1405 417 venisset
1442 376 1494 417 ad
1520 383 1732 423 montem,

362 450 612 500 congregata
642 450 705 483 est
738 441 796 496 (1)
835 440 970 481 omnis
995 439 1225 481 multitudo
1258 439 1431 482 fratrum
1464 441 1515 482 ad
1541 454 1666 489 eum,
1694 446 1738 481 et

359 508 564 565 rogabant
586 522 681 547 eum
707 522 840 554 senes,
868 514 914 546 ut
941 505 1098 546 faceret
1119 519 1357 546 sermonem
1387 506 1581 547 omnibus
1603 504 1737 546 fratri·

357 574 449 614 bus.
473 573 545 613 llle
570 580 709 612 autem
729 573 966 626 lacrymans
987 570 1069 611 ait:
1098 587 1113 607 u
1137 570 1351 611 ploremus
1373 585 1541 618 omnes,
1565 570 1730 619 fratres,

357 646 399 679 et
420 639 660 693 producant
678 636 789 678 oculi
813 635 943 676 nostri
966 636 1188 691 lacrymas,
1211 642 1435 691 antequam
1453 651 1597 678 eamus
1616 636 1733 684 illuc,

357 702 430 744 ubi
449 705 646 759 lacryma:
668 710 820 743 nostrae
838 715 1014 757 corpora
1038 708 1180 742 nostra
1203 701 1470 743 comburant.
1496 720 1511 739 ι)
1541 700 1592 742 Ει
1614 700 1738 743 fleve-

354 777 453 810 runt
477 783 623 809 omnes
651 767 771 825 proni
801 766 842 808 in
875 774 1029 807 terram
1064 775 1107 808 et
1136 766 1178 807 in
1202 766 1328 808 facies
1354 781 1474 815 suas,
1513 766 1731 808 dicentes:

365 851 381 872 α
403 834 541 879 Pater,
567 848 637 874 ora
665 846 739 888 pro
761 830 883 872 nobis
910 832 960 871 ad
992 831 1140 872 Deum.
1170 848 1186 869 ι
1215 832 1357 873 Abbas
1380 831 1506 872 etiam
1528 831 1734 888 Sylvanus

354 898 579 953 aliquando
606 898 754 938 sedens
779 910 876 937 cum
903 894 1103 936 fratribus
1132 895 1239 944 suis,
1258 896 1392 937 factus
1415 904 1477 937 est
1498 895 1541 936 in
1562 909 1736 937 excessu

353 963 505 1004 mentis
522 994 532 1010 ,
554 970 595 1002 et
613 961 768 1002 cecidit
787 960 828 1001 in
852 959 1003 1001 faciem
1032 975 1147 1001 suam
1164 993 1174 1009 ‚
1205 969 1246 1002 et
1274 962 1541 1018 postmodum
1560 973 1734 1018 surgens

352 1028 570 1085 plorabat,
595 1036 636 1069 et
660 1026 1025 1084 interrogaverunt
1049 1041 1146 1068 eum
1171 1026 1319 1068 fratres
1341 1027 1528 1068 dicentes
1549 1041 1558 1067 :
1581 1044 1596 1064 ι(
1620 1026 1736 1078 Quid

353 1094 499 1141 habes,
520 1102 636 1149 pater
656 1092 674 1134 P
693 1112 707 1131 n
734 1094 806 1134 Ille
831 1101 972 1134 autem
997 1093 1177 1134 tacendo
1203 1091 1343 1134 {le-bat.
1370 1093 1452 1134 Illis
1476 1101 1615 1134 autem
1634 1107 1733 1135 eum

351 1159 719 1216 compellentibus,
756 1157 859 1200 dixit
890 1173 899 1199 ε
931 1175 946 1194 «
978 1158 1065 1214 Ego
1098 1167 1238 1199 autem
1273 1160 1326 1200 ad
1353 1158 1560 1214 judicium
1589 1166 1732 1215 raptus

352 1239 465 1273 sum,
492 1233 533 1265 et
551 1223 634 1265 vidi
657 1225 812 1265 multos
830 1224 882 1265 de
901 1223 1047 1264 habitu
1080 1232 1223 1264 nostro
1245 1225 1296 1264 acl
1323 1231 1535 1264 tormenta
1556 1232 1729 1272 euntes,

350 1298 391 1331 et
413 1291 568 1330 multos
588 1289 809 1330 saeculares
837 1288 888 1330 ad
914 1303 1107 1345 regnum.
1138 1307 1152 1327 »
1175 1288 1227 1329 Et
1251 1288 1345 1329 ideo
1368 1288 1455 1345 ipse
1478 1289 1666 1345 lugebat,
1690 1296 1733 1330 et

347 1356 518 1396 nolebat
551 1354 602 1395 de
626 1355 730 1395 cella
766 1369 836 1394 sua
870 1353 1008 1401 exirm
1035 1355 1107 1394 sed
1139 1368 1237 1394 cuin
1269 1354 1381 1395 exire
1404 1354 1648 1410 cogebatur,
1679 1355 1732 1395 de

347 1420 516 1462 cuculla
537 1419 753 1476 operiebat
776 1418 926 1460 faciem
950 1433 1083 1465 suam,
1106 1418 1250 1459 dicens
1275 1434 1316 1459 :a
1341 1419 1454 1469 Quid
1478 1434 1649 1460 neccsse
1669 1428 1732 1461 est

342 1485 487 1526 videre
519 1486 662 1526 lumen
688 1484 798 1525 istud
822 1485 1076 1537 temporale,
1106 1484 1145 1524 in
1168 1499 1252 1540 quo
1277 1485 1390 1525 nulla
1414 1493 1476 1525 est
1498 1484 1686 1526 utilitas?
1705 1503 1719 1524 r>

346 1550 612 1593 Manifestum
650 1557 711 1589 est
746 1549 886 1604 igitur,
919 1558 962 1588 ut
999 1549 1152 1596 credo,
1195 1550 1428 1604 prudentiae
1465 1558 1567 1597 tuae,
1602 1563 1727 1605 quam

345 1630 499 1671 magna
523 1615 652 1655 virtus
675 1614 728 1654 sit
752 1613 1122 1668 Compunctionis,
1146 1628 1218 1668 per
1242 1629 1367 1669 quam
1393 1621 1564 1669 peccata
1590 1614 1729 1655 delen-

347 1690 432 1728 tur,
458 1688 499 1720 et
524 1679 697 1719 virtutes
720 1677 1011 1733 acquiruntur.
1040 1677 1146 1719 Nolo
1172 1687 1310 1719 autem
1335 1687 1381 1719 ut
1403 1679 1455 1719 ab
1476 1678 1552 1719 hac
1572 1678 1728 1721 virtute

345 1755 415 1788 tua
440 1745 492 1786 sit
510 1759 627 1785 mens
647 1743 800 1790 aliena,
822 1758 913 1798 quae
933 1742 974 1783 in
997 1752 1171 1797 pectore
1196 1742 1481 1799 perfectorum
1506 1742 1729 1785 hominnm

343 1811 518 1853 habitat.
549 1809 629 1851 Per
650 1809 760 1850 hanc
783 1807 882 1849 vitia
905 1816 1175 1864 superantur,
1201 1816 1243 1849 et
1264 1823 1339 1864 per
1361 1807 1470 1849 hanc
1497 1808 1618 1849 multi
1637 1808 1728 1851 Deo

346 1879 616 1934 placuerunt3
654 1890 728 1932 per
761 1874 871 1915 hanc
906 1874 1100 1915 diabolus
1134 1873 1331 1922 vincitur,
1371 1882 1413 1915 et
1443 1873 1649 1916 Dominus
1675 1874 1729 1916 ad

345 1940 680 1985 misericordiam
712 1947 980 1996 provocatur.
1021 1939 1100 1981 Per
1133 1954 1248 1980 veras
1272 1938 1383 1980 enim
1407 1939 1613 1996 lacrymas
1636 1954 1727 1982 om-

341 2007 426 2055 nia,
448 2021 539 2063 quae
560 2005 729 2062 prael'ata
748 2013 863 2054 sunt,
877 2005 1159 2061 complentur.
1170 2003 1296 2045 Veras
1315 2018 1497 2060 namque
1516 2005 1725 2061 lacrymas

343 2073 493 2120 habet,
522 2071 592 2127 qui
623 2079 717 2126 post
754 2071 812 2124 (2)
847 2069 927 2111 hoc
952 2084 1036 2111 non
1055 2069 1284 2111 committit
1305 2069 1419 2126 quod
1440 2068 1606 2112 defleat.
1634 2069 1724 2112 Hoc

343 2147 404 2180 est
427 2139 553 2179 etiam
577 2137 701 2177 docte
720 2138 944 2193 plangere3
974 2136 1098 2177 docte
1117 2149 1298 2191 namque
1315 2134 1498 2192 plangit,
1523 2135 1593 2192 qui
1611 2136 1725 2192 plan-

341 2204 478 2261 gendo
516 2203 699 2249 malum,
730 2201 843 2257 quod
881 2200 1006 2246 secit,
1032 2214 1116 2241 non
1153 2208 1388 2257 perpetrat,
1424 2201 1538 2255 quod
1569 2199 1724 2242 iterum

341 2270 540 2326 plangere
575 2266 759 2314 debeat3
794 2265 889 2322 quia
920 2265 1066 2306 irrisor
1091 2273 1175 2318 est,
1203 2274 1245 2307 et
1280 2280 1363 2306 non
1387 2266 1594 2322 poenitens
1612 2298 1622 2313 ,
1649 2265 1722 2321 qui

343 2335 481 2377 adhuc
500 2340 739 2391 perpetrat,
769 2331 882 2388 quod
906 2331 1105 2389 plangere
1129 2336 1265 2388 ipsum
1288 2339 1491 2389 oporteat.

391 2434 443 2481 (ι)
462 2438 537 2468 Non
555 2435 692 2467 habetur
710 2443 757 2466 en
771 2434 805 2467 in
822 2434 896 2467 cod.
914 2451 956 2457 --
979 2431 1031 2478 (2)
1047 2433 1130 2468 eod.
1144 2445 1214 2476 per.

963 2608 1091 2615 —---—-
