1885 3284
396 258 488 321 276
657 269 692 299 s.
742 266 988 299 sconsum
1023 264 1229 297 EPlscom
1268 264 1508 295 Avvssumx.

391 349 432 383 et
452 336 688 397 vagabundi
709 351 782 393 per
801 335 982 376 incertas
1012 333 1252 375 mansiones
1271 366 1279 381 ‚
1305 342 1349 374 ut
1373 332 1446 373 filii
1478 332 1606 373 Israel
1632 331 1671 373 iu
1702 333 1774 373 de-

392 415 529 453 serto;
555 404 628 446 sed
651 401 778 444 hodie
793 414 1042 442 revocamur
1065 400 1116 440 ad
1137 399 1311 455 patriam
1332 431 1342 446 ,
1368 413 1465 440 cum
1485 397 1675 439 Christus
1691 399 1773 439 suis

390 469 615 527 Discipulis
637 465 880 512 mandavit,
907 464 1081 521 gloriam
1103 478 1221 505 suam
1239 472 1483 506 ostensurus
1499 495 1508 510 ,
1530 472 1576 505 ut
1590 463 1631 504 in
1647 478 1772 505 mou-

394 546 477 580 tem
502 536 601 577 Sion
625 533 746 575 irent.
771 533 848 573 Per
871 531 958 572 dies
990 529 1102 571 enim
1134 530 1409 587 quadraginta
1437 544 1534 570 cum
1570 528 1627 570 eis
1655 529 1770 571 stetit

389 611 484 662 post
515 599 871 643 resurrectionem
891 630 900 645 ,
936 596 1045 638 sicut
1069 610 1165 637 cum
1184 595 1278 637 filiis
1306 596 1432 637 lsrael
1449 596 1565 637 annis
1587 597 1770 651 quadra-

393 670 518 727 ginta.
551 666 640 709 Non
660 665 773 706 enim
808 664 859 705 ad
897 671 1087 705 montem
1125 661 1228 704 Sion
1270 662 1500 703 ascendunt
1539 662 1607 717 qui
1641 661 1776 703 redire

396 734 575 792 cupiunt
601 733 641 774 in
665 732 895 787 AEgyptum
913 761 922 777 ,
952 728 1034 771 hoc
1068 737 1131 770 est
1164 729 1205 770 in
1236 728 1457 770 mundum.
1487 727 1578 769 Non
1601 728 1712 769 enim
1737 728 1780 768 in

395 801 557 844 mundo
576 797 707 840 videri
732 795 887 853 poterit
908 795 1048 848 Deus,
1067 794 1236 851 quando
1261 795 1457 836 ascendet
1476 793 1630 835 coetum
1654 794 1780 835 coelo-

398 883 507 910 rum.

461 932 512 975 11.
541 930 679 982 Quam
695 926 995 970 Ascensioncm
1013 925 1212 968 Habacuc
1225 927 1431 984 propheta
1450 925 1679 982 praedicens
1699 925 1780 967 ait:

410 1018 424 1038 α
443 999 638 1040 Elevatus
656 1002 718 1036 cst
740 994 827 1045 sol,
851 1001 893 1035 et
909 993 1009 1034 luna
1022 992 1136 1034 stetit
1156 992 1197 1035 in
1215 993 1363 1035 ordine
1382 991 1500 1033 suo'.
1519 1011 1534 1031 υ
1550 994 1657 1033 Cum
1671 992 1783 1034 enim

400 1062 592 1122 Apostoli
606 1075 703 1103 cum
720 1058 901 1101 Domino
924 1067 1204 1106 morarentur,
1222 1057 1482 1100 confidentes
1496 1058 1548 1099 de
1565 1057 1784 1115 praeseutia

401 1127 652 1174 Salvatoris,
673 1140 759 1167 non
797 1125 847 1166 ad
875 1124 1061 1166 coelestia
1098 1124 1421 1181 conspirabant3
1459 1125 1531 1166 sed
1564 1135 1785 1181 postquam

402 1197 501 1238 illuc
527 1191 720 1239 intravit,
749 1191 846 1232 illuc
870 1190 1063 1246 Apostoli
1082 1189 1386 1232 affectaverunt
1411 1192 1648 1232 ascendere.
1689 1190 1787 1231 llasc

400 1262 514 1304 enim
536 1266 597 1300 est
620 1256 803 1298 militum
825 1256 1117 1304 consuetudo,
1159 1265 1206 1297 ut
1248 1256 1321 1297 ubi
1349 1256 1402 1297 sit
1434 1271 1534 1304 rex,
1564 1263 1604 1297 et
1636 1255 1787 1296 milites

406 1327 491 1375 ibi3
513 1324 585 1367 ubi
609 1322 805 1366 dominus
822 1353 831 1368 ,
857 1321 914 1362 ibi
938 1329 979 1362 et
1000 1336 1172 1368 servus;
1203 1321 1274 1363 ubi
1293 1331 1423 1379 pater,
1446 1322 1501 1363 ibi
1525 1320 1688 1363 etfilius
1706 1322 1790 1362 sive

407 1391 575 1436 familia.
602 1389 796 1431 Elevatus
819 1394 883 1428 est
906 1400 1006 1443 ergo
1029 1385 1101 1428 Sol
1130 1387 1323 1443 justitiae,
1342 1387 1412 1444 qui
1437 1388 1677 1429 «Illnminat
1700 1402 1791 1427 om-

409 1473 536 1501 »nem
561 1454 777 1497 hominem
797 1452 1038 1494 venientem
1059 1453 1099 1493 in
1122 1453 1237 1494 hunc
1266 1453 1526 1501 mundum&
1551 1472 1566 1493 >2
1600 1461 1639 1494 et
1663 1454 1759 1494 luna
1779 1485 1788 1501 ‚

411 1524 573 1568 scilicet
599 1518 788 1562 Ecclesia
805 1552 814 1566 ,
843 1518 956 1560 stetit
980 1517 1020 1558 in
1037 1518 1185 1559 ordine
1203 1533 1292 1560 suo.
1320 1518 1468 1561 Merito
1485 1533 1599 1575 orgo,
1626 1518 1790 1565 fratres,

411 1591 512 1633 luna
527 1585 714 1629 Ecclesia
739 1583 918 1631 dicitur3
955 1582 1050 1639 quia
1077 1583 1185 1624 sicut
1202 1584 1300 1624 luna
1325 1583 1627 1640 recipitlumen
1646 1599 1666 1625 a
1689 1585 1791 1630 sole,

415 1656 469 1698 ita
493 1650 680 1695 Ecclesia
707 1648 858 1705 recipit
875 1649 1020 1689 lumen
1044 1664 1064 1688 a
1090 1648 1281 1697 Chris103
1316 1648 1369 1691 ita
1403 1649 1528 1690 etiam
1561 1649 1670 1691 sicut
1695 1650 1792 1690 luna

414 1717 615 1776 eclypsim
635 1714 793 1771 patitur
813 1714 870 1768 (ι)
884 1744 893 1760 ,
915 1713 969 1754 ita
987 1721 1028 1754 et
1046 1713 1232 1755 Ecclesia
1251 1715 1458 1755 malorum
1477 1716 1790 1756 obscuritatem.

415 1788 513 1830 Haec
531 1782 644 1826 enim
661 1779 851 1823 Ecclesia
880 1787 975 1820 ante
997 1778 1166 1822 Domini
1187 1779 1487 1822 Ascensionem
1506 1789 1546 1822 et
1569 1782 1794 1823 adventum

415 1851 598 1910 Spiritus
623 1846 756 1890 sancti
778 1845 961 1888 maxime
990 1847 1193 1902 eclypsim
1220 1847 1482 1904 patiebatur;
1503 1850 1576 1889 sed
1597 1857 1687 1905 post
1709 1847 1796 1904 Spi-

418 1919 522 1960 ritus
546 1912 679 1957 sancti
700 1913 925 1953 adventum
941 1942 951 1957 ,
977 1912 1092 1952 stetit
1114 1911 1156 1952 in
1178 1912 1326 1953 ordine
1339 1926 1438 1960 su0;
1460 1913 1554 1968 quia
1567 1913 1797 1968 Petrusqui

421 1985 471 2026 ad
492 1994 640 2024 vocem
662 1976 849 2020 mulieris
867 1976 1110 2025 succubuit,
1131 1977 1182 2018 ad
1201 1992 1346 2019 vocem
1372 1978 1546 2021 Neronis
1571 1980 1798 2020 resistentis

422 2063 507 2092 non
524 2044 711 2088 recessit.
735 2043 826 2083 Hac
841 2042 954 2083 enim
976 2042 1234 2085 Ascensione
1252 2044 1366 2085 venit
1389 2046 1439 2086 de
1458 2045 1630 2087 saltibus
1652 2045 1799 2087 Domi-

423 2130 503 2158 nus
533 2111 611 2170 (⁸2),
642 2111 693 2152 de
710 2107 862 2165 quihus
877 2108 932 2150 ait
950 2107 1150 2150 Salomon
1169 2124 1177 2150 :
1195 2108 1332 2150 «Ecce
1348 2109 1459 2151 venit
1476 2110 1627 2151 saliens
1650 2111 1700 2151 de
1715 2111 1798 2151 col-

423 2181 562 2224 »libus
587 2186 628 2219 et
659 2173 899 2218 montibus³
924 2190 966 2224 ;»
1005 2181 1047 2214 et
1068 2173 1177 2216 beno
1203 2176 1300 2232 quia
1334 2176 1384 2217 de
1407 2177 1513 2218 coelo
1551 2176 1592 2217 in
1632 2185 1797 2218 uterum

424 2243 608 2303 Virginis
624 2276 634 2292 ‚
659 2250 700 2284 et
725 2241 775 2282 de
797 2249 917 2282 utero
941 2239 983 2281 in
1001 2242 1272 2299 praesepium,
1289 2249 1330 2283 et
1351 2242 1402 2283 de
1417 2242 1621 2299 praesepio
1641 2244 1692 2284 ad
1709 2258 1796 2284 crn-

429 2327 540 2360 cem,
559 2311 611 2352 de
634 2321 760 2350 cruce
785 2306 826 2348 in
851 2306 1117 2363 sepulcrum,
1150 2308 1201 2349 de
1223 2309 1418 2364 sepulcro
1452 2308 1493 2349 in
1517 2309 1686 2352 coelum.
1712 2310 1800 2350 Hac

429 2376 601 2423 exaltari
645 2374 704 2431 (5)
733 2373 1035 2416 demonstravit
1057 2374 1151 2423 ille,
1180 2374 1252 2431 qui
1275 2374 1377 2417 dixit
1403 2390 1411 2415 ε
1443 2375 1532 2418 «De
1552 2384 1737 2417 torrente
1760 2376 1800 2417 iu

476 2487 488 2509 ¹
509 2484 630 2517 Habac.
649 2493 700 2519 111,
718 2478 855 2515 11.-—2
868 2482 963 2513 Joan.
977 2492 1000 2520 1,
1014 2492 1046 2523 9.
1060 2499 1103 2505 —-
1120 2478 1135 2504 ³
1150 2483 1240 2514 Cant.
1262 2493 1299 2520 ιι,
1317 2483 1349 2514 8.

476 2567 528 2614 (1)
544 2569 639 2599 Deest
654 2564 779 2607 patitur
793 2564 824 2595 in
848 2563 934 2601 cod.,
961 2564 1015 2606 qui
1036 2564 1151 2596 deinde
1169 2564 1266 2596 habet
1284 2564 1486 2597 obscuritate.
1505 2581 1549 2588 -—
1576 2563 1625 2608 (2)
1640 2564 1719 2599 Cod.
1737 2566 1803 2597 lum·

428 2626 520 2662 enim
535 2623 695 2659 Ascensio
708 2621 837 2664 quidem
858 2621 956 2653 veuit
969 2622 1009 2653 de
1028 2622 1163 2655 saltibus
1178 2621 1324 2655 Domini.
1336 2637 1379 2645 -
1402 2619 1452 2665 (3)
1466 2619 1512 2653 Id.
1529 2620 1688 2655 exaltare,
