1868 3301
320 204 413 250 508
581 222 618 253 S·
659 222 905 257 AUGUSTINI
941 228 1147 260 EPISCOPI
1182 228 1422 261 APrBme.

315 283 349 326 si
370 284 428 326 illi
452 285 522 342 qui
544 288 677 331 sancti
701 298 743 332 et
774 289 873 347 justi
905 303 1050 343 crant,
1074 296 1256 338 Domino
1279 311 1354 353 pro
1378 294 1629 339 infirmitate
1650 304 1693 340 et

319 348 609 394 Tribulatione
632 355 787 411 gratias
804 357 1060 407 referebant,
1076 370 1233 417 quanto
1254 363 1385 419 magis
1407 376 1481 403 nos
1505 362 1574 418 qui
1595 376 1694 418 pec-

317 423 481 458 catores
498 432 667 468 sumus,
687 420 960 465 Infirmitates
978 433 1020 466 et
1036 426 1348 469 'fribulationes
1372 441 1512 468 amare
1537 427 1692 468 debea-

315 495 427 531 mus,
441 486 671 539 praesertim
686 501 783 529 cuin
800 488 1029 545 Apostolus
1049 493 1176 542 dicat,
1195 494 1340 549 quod«
1356 493 1435 535 Per
1455 493 1606 535 multas
1624 492 1695 534 tri-

315 564 330 585 s>
345 546 582 592 bulationes
597 562 765 609 oportet
789 569 866 597 nos
889 555 1051 599 intrare
1072 557 1114 599 in
1135 573 1313 616 regnum
1330 558 1475 601 Dei1i'»
1489 558 1693 600 Amandae

315 622 412 656 sunt
423 616 749 668 Tribulationes3
765 635 862 663 cum
877 624 1109 679 gratiarum
1119 625 1286 667 actione
1299 641 1319 667 a
1331 625 1453 667 nobis
1464 624 1694 666 tolerandae

316 688 414 722 sunt
440 680 736 736 Infirmitates‚
769 694 979 742 quatenus
1010 689 1196 732 haeredes
1225 690 1344 746 regni
1381 689 1562 732 coelestis
1583 687 1694 731 effici

314 758 566 790 mereamur.
593 748 797 792 Peccator
814 753 932 794 enim
952 755 1023 810 qui
1043 756 1084 797 in
1108 756 1190 797 hoc
1213 756 1376 798 mundo
1393 753 1694 810 flagellarinon

311 820 516 860 meretur,
549 814 590 856 in
626 815 792 858 inferno
827 820 1084 862 aeternaliter
1112 821 1396 878 torquebitur.
1443 820 1692 877 optandum

310 875 434 918 nobis
454 886 517 920 est
541 894 641 936 ergo
660 912 671 928 ,
697 895 722 922 o
746 884 1009 927 sanctissima
1038 886 1171 928 Mater
1187 920 1197 936 ,
1227 895 1274 928 ut
1309 886 1351 928 in
1376 887 1456 928 hac
1486 885 1570 927 vita
1591 885 1695 926 dum

311 940 826 996 vivimus,Tribulationes
845 958 887 991 et
907 951 1178 994 Infirmitates
1197 967 1276 1010 pro
1293 951 1452 994 Christi
1472 965 1631 998 amore,
1651 956 1694 991 et

310 1020 387 1062 pro
408 1009 659 1052 remissione
677 1023 954 1069 peccatorum
975 1027 1218 1060 nostrorum
1240 1017 1392 1060 libenti
1411 1017 1551 1058 animo
1573 1013 1694 1057 susti-

306 1085 497 1117 neamus.
526 1076 645 1118 Scire
680 1093 865 1136 namque
890 1083 1019 1126 debet
1050 1084 1224 1127 dilectio
1252 1094 1338 1131 tua,
1371 1083 1527 1140 quibus
1554 1079 1692 1123 modis

308 1136 515 1182 Dominus
539 1142 760 1186 hominem
781 1145 979 1204 flagellat.
998 1149 1139 1192 Primo
1162 1151 1291 1192 modo
1316 1149 1502 1206 flagellat
1523 1148 1576 1189 ad
1595 1160 1694 1204 pro-

309 1202 525 1248 bationem
543 1240 555 1256 ,
581 1208 690 1251 sicut
712 1209 947 1268 flagellatus
959 1223 1023 1256 est
1036 1215 1119 1258 Joh
1141 1226 1184 1258 et
1204 1214 1372 1258 Tobias.
1390 1213 1456 1256 Ad
1478 1213 1560 1255 hoc
1578 1212 1692 1254 enim

307 1266 507 1326 flagellati
529 1283 628 1316 sunt
646 1305 658 1323 ‚
693 1283 739 1317 ut
762 1277 929 1333 probati
951 1289 1089 1322 essent
1118 1289 1161 1323 et
1183 1280 1397 1323 manifesti
1417 1311 1428 1329 ,
1448 1278 1498 1321 ab
1524 1277 1613 1320 aliis
1635 1277 1690 1319 ob

307 1348 478 1379 causam
499 1340 684 1397 exempli
707 1342 900 1386 imitandi
920 1378 931 1394 ‚
958 1354 1004 1388 ut
1025 1362 1173 1389 corum
1197 1355 1508 1405 cognoscentes
1528 1343 1691 1401 patien-

308 1400 407 1443 tium
429 1434 441 1453 ,
465 1403 557 1445 illos
576 1404 730 1448 imitari
752 1410 1013 1454 studeamus.
1039 1411 1239 1454 Secundo
1263 1412 1394 1454 modo
1414 1410 1528 1453 Deus
1551 1407 1689 1450 homi-

309 1480 407 1508 nem
426 1467 612 1525 flagellat
626 1503 636 1519 ,
657 1488 708 1514 ue
732 1489 775 1514 se
796 1474 838 1516 in
859 1477 1103 1534 superbiam
1122 1479 1314 1526 extollat,
1327 1476 1448 1519 velin
1462 1473 1690 1518 securitate

303 1541 462 1587 ponat,
489 1536 604 1590 quod
627 1538 678 1578 ad
699 1537 876 1582 Sanctos
904 1542 1088 1598 pertinet
1111 1543 1352 1599 specialiter
1368 1574 1378 1590 ‚
1410 1541 1521 1582 sicut
1541 1540 1688 1581 beatus

306 1600 520 1653 apostolus
540 1601 713 1652 Paulus,
739 1605 811 1661 qui
835 1607 887 1648 de
913 1622 958 1648 se
976 1609 1065 1664 ipso
1090 1609 1262 1649 dicebat
1289 1623 1298 1648 :
1325 1608 1482 1649 «Datus
1499 1614 1563 1647 est
1581 1603 1688 1645 mihi

300 1664 526 1707 »stimulus
539 1668 676 1709 carnis
689 1684 810 1718 meae,
823 1674 997 1728 angelus
1009 1673 1174 1715 Satanae
1187 1707 1195 1720 ,
1210 1673 1284 1730 qui
1297 1688 1364 1714 me
1375 1668 1677 1728 colaphizet²;»

305 1728 831 1791 Quipostquamcognovit
851 1738 966 1793 quoi
987 1739 1155 1780 salubre
1175 1739 1278 1780 illud
1289 1738 1434 1779 fuisset
1453 1737 1531 1779 sibi
1549 1734 1689 1792 flagel-

300 1794 413 1843 lum,
438 1796 566 1838 dixit:
584 1816 600 1836 α
619 1799 820 1842 Libenter
841 1803 1056 1858 gloriabor
1077 1804 1122 1846 in
1145 1803 1465 1845 infirmitatibus
1488 1800 1614 1848 meis,
1641 1806 1689 1841 ut

302 1878 317 1899 n
332 1861 540 1905 inhabitet
562 1865 684 1907 inme
705 1867 834 1910 virtus
859 1868 1014 1912 Christi
1030 1869 1062 1912 ³.
1079 1870 1253 1912 »Tertio
1277 1870 1405 1911 modo
1421 1869 1533 1911 Deus
1545 1865 1688 1908 homi-

300 1941 398 1970 nem
411 1928 594 1986 ssagellat
616 1941 790 1990 propter
806 1944 997 1991 peccata,
1023 1936 1131 1978 sicut
1152 1936 1450 1993 paralyticum,
1471 1933 1539 1976 cui
1555 1932 1683 1975 dixit:

311 2011 328 2033 (ι
344 1994 637 2039 Remittuntur
662 1998 738 2040 tibi
760 2009 935 2056 peccata
954 2001 1098 2051 tua⁶;>›
1114 2002 1271 2044 deinde
1294 2000 1531 2058 subjungit:
1549 1998 1685 2041 «Tolle

299 2061 534 2106 »lectulum
556 2071 675 2107 tuum
691 2096 702 2114 ,
719 2072 762 2107 et
773 2068 878 2109 vade
894 2066 937 2109 in
960 2069 1136 2110 domum
1158 2077 1274 2109 tuam
1288 2067 1345 2108 ⁵.»
1367 2067 1448 2108 Per
1463 2066 1548 2108 hoc
1569 2064 1684 2107 enim

296 2128 412 2184 quod
437 2129 507 2171 ille
524 2129 718 2187 primitus
739 2140 913 2188 peccata
936 2132 1110 2181 dimisit,
1130 2142 1173 2175 ct
1187 2133 1339 2175 deinde
1362 2132 1413 2174 ab
1435 2129 1684 2174 Infirmitate

298 2194 484 2245 curavit,
519 2204 663 2253 aperte
694 2200 1028 2250 demonstratur,
1053 2200 1171 2255 quod
1196 2198 1427 2240 Infirmitas
1450 2197 1488 2239 ei
1508 2202 1684 2254 propter

299 2270 474 2318 peccata
503 2263 655 2306 evenit.
695 2264 859 2316 Quarto
880 2266 1009 2308 modo
1031 2265 1146 2307 Deus
1169 2265 1386 2307 hominem
1402 2263 1611 2320 flagellat,
1636 2269 1682 2303 ut

299 2341 373 2370 sua
396 2329 525 2371 virtus
546 2330 612 2372 vel
645 2329 902 2373 Sanctorum
935 2347 1110 2374 suorum
1144 2331 1305 2375 meritis
1331 2331 1678 2377 demonstretur;

298 2394 410 2437 sicut
426 2397 480 2438 de
495 2410 608 2439 caeco
632 2406 732 2440 nato
746 2429 758 2448 ‚
776 2397 828 2440 de
844 2412 928 2455 quo
946 2397 1034 2455 ipse
1057 2398 1100 2440 in
1114 2397 1343 2454 Evangelio
1356 2395 1459 2438 dicit
1479 2410 1521 2437 ει(
1533 2393 1680 2450 Neque

345 2513 356 2536 ¹
383 2515 459 2547 Act.
479 2523 550 2554 xxv,
570 2524 626 2546 21.
641 2531 689 2540 --
709 2511 725 2536 2
752 2526 770 2546 2
795 2516 872 2549 Cor.
899 2524 961 2555 xn,
980 2527 1012 2556 7.
1036 2533 1079 2540 -=
1101 2512 1218 2548 ³1bid.
1237 2525 1270 2556 9.
1284 2530 1328 2538 -
1343 2510 1358 2535 ⁴
1372 2510 1489 2546 Matth.
1510 2519 1557 2554 ιι,
1580 2519 1611 2543 2.
1633 2526 1679 2534 -

296 2567 311 2594 ⁵
326 2569 412 2604 Ibid.
427 2571 460 2603 6.
