1885 3284
466 296 598 330 mann
637 296 692 328 nn
729 296 879 328 ruem
913 284 1497 331 vtrionuu.155

126 362 443 443 constringant.
477 362 581 408 Tu
564 361 835 442 jejuniorum
875 378 924 408 ac
947 359 1195 421 vigiliarum
1232 362 1410 417 victrix;
1450 376 1496 411 tu

123 416 348 514 patientiae
367 443 538 486 custos;
560 443 607 478 tu
631 432 880 496 purissimae
899 431 1190 495 simplicitatis
1210 432 1427 494 magistra,
1448 453 1495 481 ac

123 503 302 573 omnino
326 500 632 550 fraudulentiae
651 513 692 548 et
719 501 785 566 (ι)
816 501 1120 566 duplicitatis
1108 520 1270 563 ignara.
1302 505 1370 550 Tu
1393 504 1498 551 facis

124 587 173 621 ut
195 568 325 635 vagos
345 591 544 640 quosque
568 573 734 620 Christi
758 584 909 619 catena
927 579 1157 627 coerceat3
1183 585 1230 619 ut
1245 567 1494 639 indiscipli-

123 645 214 691 nati
239 644 434 693 moribus
468 662 492 691 a
528 661 603 690 sua
635 661 678 690 se
708 644 923 708 pravitate
958 655 1254 707 compescant.
1288 646 1356 690 Tu
1383 646 1495 691 nosti

123 710 321 762 homines
352 715 405 762 ad
426 714 702 779 perfectionis
729 714 902 760 culmen
936 713 1115 759 evehere
1135 751 1145 769 ,
1169 725 1299 779 atque
1319 714 1373 760 ad
1391 732 1494 762 con—

124 797 354 835 summatae
377 786 616 833 sanctitatis
647 785 867 846 fastigium
911 785 1163 831 sublimare.
1203 786 1271 832 Tu
1308 785 1413 832 facis
1450 798 1497 833 ut

125 857 259 904 homo
282 858 336 903 sit
359 854 509 903 hilaris
543 866 675 918 atque
700 855 960 915 jucundus.
1002 873 1050 901 ac
1076 855 1198 901 nulla
1223 874 1244 901 a
1269 857 1496 921 semetipso

124 943 295 974 morum
321 927 376 975 sit
396 926 695 990 inaequalitate
719 923 927 973 diversus.
961 927 996 970 T
1003 943 1030 973 u
1054 925 1277 972 hominem
1304 927 1408 973 facis
1432 926 1498 973 la—

125 997 271 1062 pidem
295 997 551 1063 quadrum,
570 996 875 1043 construendis
900 996 1103 1042 videlicet
1124 997 1310 1044 coelestis
1329 998 1499 1044 Jerusa-

122 1063 206 1114 lem
225 1068 446 1115 moenibus
470 1077 649 1132 aptum3
677 1068 753 1132 qui
778 1067 984 1113 nimirum
1009 1084 1098 1113 non
1121 1085 1167 1113 ex
1199 1067 1371 1114 levitate
1403 1086 1499 1114 mo-

123 1138 286 1198 rum'se
307 1137 551 1184 versatilem
579 1138 776 1201 praebeat
797 1175 806 1193 ‚
839 1137 912 1183 sed
938 1138 1046 1183 fixus
1069 1155 1237 1202 semper
1270 1139 1315 1184 in
1337 1150 1500 1186 sanctae

124 1202 340 1269 religionis
358 1208 566 1268 gravitate
582 1209 799 1273 persistat.
829 1209 896 1254 Tu
920 1209 1118 1254 homines
1133 1228 1154 1255 a
1175 1210 1412 1274 semetipsis
1426 1211 1495 1274 (2)

123 1290 342 1341 extraneos
361 1277 524 1335 reddis,
543 1291 584 1324 et
597 1296 698 1325 vasa
716 1278 925 1325 vitiorum
942 1279 1093 1325 florere
1111 1279 1348 1326 virtutibus
1373 1280 1492 1328 facis.

124 1350 232 1394 Tu«
259 1349 393 1410 Nigra
416 1387 425 1405 ‚
469 1349 542 1396 sed
577 1349 794 1405 formosa,
821 1350 933 1395 sicut
966 1350 1296 1396 tabernaculum
1325 1351 1469 1397 Cedar
1487 1389 1498 1408 ,

125 1441 144 1461 n
163 1419 277 1465 sicut
298 1419 426 1482 pellis
461 1418 750 1466 Salomonisst.
766 1441 786 1461 n
805 1421 873 1465 Tu
895 1419 1118 1465 lavacrum
1149 1430 1370 1466 tonsarum
1389 1422 1425 1477 2,
1454 1432 1499 1468 tu

121 1489 234 1536 sicut
248 1487 417 1556 piscina
436 1491 481 1536 in
501 1489 744 1537 Hesebon³.
765 1489 899 1536 Oculi
918 1491 980 1535 tui
1002 1491 1114 1536 sicut
1132 1491 1352 1537 columbae
1369 1509 1500 1556 super

123 1562 238 1607 rivos
262 1577 476 1626 aquarum
519 1577 619 1624 quae
652 1559 764 1606 lacte
791 1571 892 1606 sunt
921 1560 1052 1614 lotae,
1086 1571 1128 1606 et
1162 1561 1349 1607 resident
1376 1565 1498 1622 juxta

121 1632 283 1678 fluenta
307 1632 572 1696 plenissima.
604 1633 672 1677 Tu
694 1648 886 1709 namque
902 1649 944 1677 es
976 1631 1204 1695 speculum
1226 1632 1468 1680 animarum
1489 1671 1497 1689 ‚

124 1691 201 1749 ubi
221 1720 264 1749 se
288 1720 406 1748 mens
426 1703 621 1748 humana
645 1702 957 1765 perspicaciter
982 1703 1179 1755 intuens
1212 1703 1332 1766 quod
1359 1705 1501 1751 minus

123 1783 185 1819 est
206 1772 413 1838 impleat,
446 1772 567 1837 quod
592 1771 865 1836 superfluum
882 1783 1088 1836 respuat,
1115 1773 1235 1836 quod
1263 1773 1495 1841 obliquum

122 1851 185 1890 e'st
219 1843 408 1922 dirigat,
440 1843 562 1908 quod
591 1843 787 1891 deforme
818 1854 1071 1906 componat.
1109 1847 1176 1893 lu
1213 1837 1422 1908 nuptialis
1458 1864 1500 1892 es

123 1913 379 1968 113313111113,
393 1913 439 1959 in
464 1931 552 1977 quo
575 1914 713 1960 sancti
737 1914 927 1978 Spiritus
947 1912 1075 1960 arrha
1103 1915 1315 1960 tribuitur
1337 1926 1379 1961 et
1402 1933 1498 1962 coe-

125 1983 220 2031 Iesti
243 1988 402 2048 spons0
420 1982 519 2032 felix
544 1986 687 2030 anima
713 1984 971 2031 foederatur.
997 1985 1123 2030 Recti
1143 1984 1333 2045 diligunt
1356 1997 1428 2042 te,
1456 1998 1497 2032 et

123 2054 203 2120 qui
217 2065 258 2101 te
283 2053 460 2115 fugiunt
483 2054 677 2101 veritatis
694 2054 793 2100 luce
816 2054 1006 2118 privati,
1029 2071 1118 2117 quo
1149 2072 1312 2114 gressus
1336 2024 1498 2119 pon’ere

124 2122 315 2172 debeant
327 2162 338 2181 ‚
359 2141 448 2170 non
468 2137 720 2186 agnoscunt.
737 2146 756 2167 «
774 2125 1011 2172 Adbaereat
1025 2125 1171 2185 lingua
1188 2143 1279 2171 mea
1294 2127 1498 2174 faucibus

126 2196 289 2252 ›·›'meis‚
313 2195 449 2241 sinon
466 2196 704 2243 meminero
725 2197 804 2252 tui,
821 2196 853 2242 si
874 2213 960 2241 non
980 2212 1249 2260 proposuero
1270 2206 1310 2242 te
1328 2198 1371 2243 in
1387 2198 1501 2261 prin-

126 2266 281 2331 »cipio
305 2266 470 2313 laetitiae
493 2266 643 2315 meae‘k
670 2290 688 2310 »
727 2267 845 2314 Illud
875 2267 1001 2313 ctiam
1041 2266 1094 2312 de
1129 2277 1168 2312 te
1207 2284 1308 2314 cum
1347 2270 1500 2316 eodem

125 2335 354 2401 Propheta
378 2337 512 2384 alacri
533 2338 641 2384 libet
667 2356 772 2385 voce
807 2349 981 2385 cantare
1003 2356 1012 2383 ε
1043 2360 1062 2378 «
1079 2338 1187 2384 Haec
1215 2340 1379 2402 requies
1404 2358 1497 2387 mea

125 2430 146 2451 n
161 2408 209 2454 in
227 2407 438 2455 saeculum
453 2408 602 2456 saeculi
621 2429 633 2464 ;
658 2409 735 2456 hic
758 2410 975 2456 habitabo
993 2409 1201 2472 quoniam
1223 2409 1327 2470 elegi
1350 2428 1445 2457 eam
1457 2412 1490 2460 5.

173 2508 183 2531 ¹
199 2510 290 2541 Cant.
306 2519 329 2547 1,
345 2513 377 2545 4.
396 2525 442 2532 -
465 2506 480 2529 ²
500 2508 550 2541 Id.
567 2520 614 2551 xv,
631 2521 664 2543 2.
677 2507 751 2534 —3
771 2510 820 2545 Id.
840 2521 897 2549 vn,
913 2517 946 2547 4.
962 2528 1007 2535 -
1021 2507 1036 2532 ⁴
1049 2511 1130 2544 Psal.
1149 2521 1280 2553 cxxxvi,
1301 2513 1334 2546 6.
1352 2530 1394 2536 -
1412 2509 1425 2534 ⁵
1439 2512 1488 2547 Id.

124 2565 232 2603 ssim,
251 2568 306 2601 ¹4·

170 2635 217 2679 (x)
234 2637 330 2668 Deest
344 2642 378 2666 ce
390 2634 425 2669 iu
435 2634 511 2669 eod.
527 2650 576 2661 —
585 2633 634 2677 (2)
648 2636 699 2672 td.
719 2637 853 2681 pessime
864 2650 886 2670 a
899 2647 988 2669 seme
996 2636 1107 2678 eipsos.
