1868 3301
382 251 513 283 mnan
547 251 605 282 nn
640 251 842 282 emmaus
877 251 1175 294 vmwnnus,
1216 255 1309 288 Ere.
1437 241 1522 299 481

166 326 428 361 sacramenta
451 317 670 374 praeberet.
696 317 875 360 Per-sare
898 318 1101 360 debemus
1125 329 1282 363 naturae
1300 321 1381 364 hoe
1404 324 1533 367 mira-

167 383 264 427 culo
286 397 411 440 quam
436 397 634 439 magnum
657 384 813 425 donum
827 384 878 425 sit
898 383 1131 432 llumilitas,
1152 401 1227 441 per
1242 389 1356 443 quod
1374 389 1534 433 donum

166 458 251 493 tam
277 448 464 490 amabilis
492 457 662 505 tamque
693 449 962 506 acceptabilis
983 449 1070 491 Deo
1098 451 1235 493 adhuc
1265 453 1393 494 homo
1423 469 1537 496 mor-

167 513 260 557 talis
282 512 477 555 efficitur.
507 515 648 556 Abbas
676 514 800 555 etiam
826 514 973 556 Daniel
995 515 1243 558 miraculum
1274 527 1437 567 narrat,
1463 535 1538 576 per

167 579 280 636 quod
294 579 423 620 virtus
436 579 691 620 Humilitatis
709 580 961 621 declaratur.
980 579 1079 622 Erat
1093 589 1232 624 autem
1251 582 1291 624 in
1306 583 1538 641 Babylonia

165 644 252 688 fitia
289 643 510 700 cujusdam
547 645 699 686 nobilis
738 645 993 687 daemonium
1028 646 1214 695 habens;
1254 657 1373 705 pater
1397 659 1537 693 autem

167 709 259 766 ejus
280 710 480 766 diligebat
500 711 724 765 quemdam
748 711 1005 753 monachum
1021 743 1030 759 ,
1055 713 1125 768 qui
1149 711 1253 754 dixit
1273 714 1338 756 ei:
1365 732 1380 753 ι
1408 715 1540 759 Nemo

166 782 308 833 potest
329 788 478 816 curare
502 773 629 815 filiam
650 783 763 816 tuam
778 807 788 826 ,
811 776 889 817 nisi
909 776 988 824 illi,
1013 791 1117 832 quos
1140 778 1227 820 scio
1250 779 1480 828 solitarios.
1501 790 1541 824 et

168 840 201 883 si
239 840 294 882 ad
324 854 396 882 eos
433 840 692 896 perrexeris,
727 855 812 882 non
836 841 1106 897 acquiescent
1131 842 1230 892 tibi;
1254 843 1334 887 hoc
1357 845 1468 888 enim
1489 846 1546 889 su-

169 905 289 949 ciunt
306 905 780 961 propterHumilitatem
794 922 804 953 3
818 907 890 948 sed
906 906 986 948 hoc
996 907 1177 950 facietis:
1193 911 1363 966 quando
1375 913 1545 955 venient

167 970 331 1014 venalia
353 969 598 1022 afferentes,
625 986 718 1027 quae
746 981 992 1028 operantur,
1022 973 1150 1016 dicite
1182 989 1253 1016 vos
1273 990 1415 1019 emere
1438 978 1545 1021 velle

168 1036 284 1094 quod
319 1037 529 1082 vendunt.
559 1044 600 1077 et
630 1051 728 1078 cum
758 1037 951 1079 venerint
985 1039 1037 1080 ad
1064 1040 1236 1081 domum
1269 1041 1451 1097 pretium
1480 1057 1546 1085 ac-

170 1099 361 1158 cepturi,
396 1100 542 1142 dicetis
575 1108 619 1141 ut
650 1100 806 1143 saciant
829 1101 1061 1144 orationem
1085 1118 1162 1160 pro
1184 1120 1256 1153 ea3
1283 1107 1410 1148 credo
1432 1108 1545 1149 enim

170 1167 286 1224 quod
307 1165 524 1207 sanabitur
545 1165 629 1208 filia
649 1174 733 1209 tua.
762 1185 776 1205 n
791 1167 999 1210 Exeuntes
1019 1183 1118 1210 vero
1148 1170 1189 1211 in
1209 1171 1412 1227 plateam,
1437 1173 1547 1216 inve·

171 1241 326 1277 nerunt
347 1246 479 1273 unum
502 1232 759 1274 monachum
777 1233 994 1274 sedentem
1011 1267 1021 1281 ,
1041 1243 1088 1276 ut
1107 1237 1309 1278 venderet
1330 1239 1547 1294 sportellas

172 1313 292 1346 suas,
326 1305 366 1339 et
400 1298 589 1339 tulerunt
621 1313 718 1339 eum
755 1312 900 1340 secum
933 1299 973 1340 in
1002 1300 1198 1349 domum,
1222 1302 1339 1357 quasi
1365 1304 1548 1361 pretium

171 1370 410 1422 sportarum
447 1371 746 1419 accepturum3
783 1372 824 1404 et
852 1379 947 1405 eum
977 1365 1171 1407 intrasset
1200 1368 1373 1410 domum
1409 1385 1551 1412 mona·

171 1430 278 1472 chus
294 1428 378 1475 ille,
392 1428 504 1469 venit
516 1430 670 1485 puella,
686 1444 777 1485 quse
793 1444 813 1471 a
829 1430 1038 1471 daemonio
1057 1431 1299 1480 vexabatur,
1326 1442 1368 1476 et
1386 1435 1547 1492 alapam

171 1493 382 1537 monacho
416 1494 564 1541 ‹ledit3
604 1493 691 1549 ipse
717 1509 816 1535 vero
855 1495 1065 1536 convertit
1101 1496 1138 1536 ei
1172 1504 1213 1537 et
1245 1497 1366 1540 aliam
1407 1500 1551 1542 maxil-

170 1561 254 1604 lam
284 1558 519 1600 secundum
554 1558 742 1600 divinum
776 1567 1049 1615 praeceptum.
1081 1558 1256 1601 Daemon
1280 1571 1417 1604 autem
1450 1565 1551 1607 dum

173 1631 347 1682 propter
365 1621 495 1680 ipsius
512 1622 804 1664 Humilitatem
828 1632 869 1664 et
892 1623 1140 1680 patientiam
1164 1633 1454 1682 torqueretur,
1474 1631 1556 1672 cla—

171 1704 289 1734 mare
301 1688 608 1745 empitdieens:
627 1706 641 1725 «
665 1688 702 1730 Ο
717 1688 914 1730 violentia
936 1690 1231 1731 mandatorum
1252 1691 1353 1734 Jesu
1373 1693 1550 1738 Christil

173 1755 260 1814 ipsa
284 1753 456 1811 expellit
480 1768 548 1795 me
578 1753 693 1796 hinc.
722 1772 736 1793 »
778 1754 831 1796 Et
853 1755 992 1796 statim
1029 1757 1231 1797 mundata
1256 1765 1318 1799 est
1342 1757 1426 1800 filia
1443 1760 1548 1817 ejus.

174 1820 283 1864 Cum
308 1827 447 1861 autem
471 1819 657 1861 venisset
679 1835 829 1870 senex,
852 1820 1054 1862 indicavit
1077 1821 1135 1862 eis
1153 1824 1266 1878 quod
1287 1822 1444 1866 sactum
1469 1826 1556 1869 sue-

173 1893 263 1934 rat,
300 1892 339 1926 et
365 1883 442 1940 ipsi
473 1882 815 1940 glorificaverunt
837 1885 973 1926 Deum
999 1885 1186 1928 dicentes
1215 1902 1258 1928 :a
1283 1890 1554 1935 Consuetudo

174 1959 238 1994 est
256 1949 474 1992 diabolicae
491 1949 698 2006 superbiae
722 1951 772 1991 ad
792 1949 1086 1992 Humilitatem
1106 1951 1276 1993 Domini
1300 1955 1431 1996 nostri
1453 1955 1554 1999 Jesu

175 2015 332 2060 Christi
366 2030 579 2057 corruere.
613 2033 627 2054 υ
664 2015 992 2058 Consideremus
1020 2031 1120 2073 ergo
1149 2025 1190 2058 et
1212 2032 1312 2066 nos,
1337 2033 1360 2060 o
1383 2022 1555 2065 sanctis-

175 2082 280 2126 sima
302 2080 449 2129 Mater,
481 2080 610 2137 hujus
640 2081 835 2123 monachi
859 2081 1150 2123 Humilitatem
1173 2115 1184 2131 ,
1216 2091 1258 2125 et
1280 2084 1320 2124 in
1349 2095 1553 2141 quantum

176 2162 402 2208 possumus
435 2161 528 2188 eam
560 2146 714 2188 imitari
736 2162 951 2188 conemur.
980 2146 1021 2188 Si
1047 2147 1172 2203 igitur
1193 2148 1408 2192 humilitas
1431 2153 1555 2196 unius

179 2213 230 2256 ab
254 2214 386 2255 altero
411 2211 666 2253 daemonium
686 2213 871 2269 expellit,
892 2213 978 2253 sine
999 2212 1127 2254 dubio
1144 2215 1316 2255 credere
1334 2215 1555 2267 debemus,

178 2278 295 2336 quod
328 2285 471 2319 nostra
490 2276 716 2318 Humilitas
747 2277 960 2318 diabolum
992 2278 1034 2318 in
1068 2279 1267 2320 cordibus
1289 2281 1443 2322 nostris
1471 2297 1556 2326 non

180 2343 290 2386 sinat
314 2341 472 2384 diutius
504 2342 725 2384 demorari.
749 2342 868 2384 Tunc
896 2357 991 2384 vero
1008 2357 1148 2384 veram
1167 2344 1463 2388 Humilitatem
1482 2347 1560 2391 ha-

181 2409 356 2461 bemus,
384 2406 418 2448 si
436 2407 630 2448 omnibus
647 2408 960 2449 venerationem
985 2407 1210 2450 deserimus
1227 2441 1237 2459 ,
1263 2418 1305 2452 et
1322 2411 1463 2453 omnia
1483 2415 1556 2456 ad-

181 2487 324 2524 versa,
349 2486 442 2527 quae
471 2471 593 2512 nobis
632 2472 697 2513 alii
731 2472 913 2521 faciunt,
962 2481 1133 2529 propter
1168 2473 1305 2516 Deum
1343 2475 1561 2521 humiliter

183 2538 426 2580 toleremus.
453 2536 515 2578 De
532 2536 612 2578 hac
633 2537 786 2579 virtute
802 2537 1006 2579 Dominus
1024 2538 1065 2579 in
1085 2538 1307 2596 Evangelio
1326 2540 1382 2583 ait
1404 2555 1412 2583 ε
1431 2561 1445 2579 ιι
1461 2544 1561 2585 Om-

185 2603 278 2647 »nis
302 2602 439 2655 enim,
460 2601 531 2658 qui
553 2617 595 2643 se
618 2604 772 2646 exaltat
801 2603 1108 2652 humiliabitur,
1133 2612 1175 2647 et
1208 2605 1279 2661 qui
1305 2619 1348 2646 se
1372 2605 1562 2652 humiliat

347 2686 483 2720 cxxxx
517 2670 605 2717 bis.
1342 2675 1394 2720 31
