1885 3284
342 318 357 348 ι
368 303 430 363 46
741 319 778 349 s,
820 315 1068 348 Auensrrm
1103 316 1309 357 Emscom

336 382 420 434 sub
438 399 525 446 quo
551 382 930 446 qualitercumque
951 382 1093 427 vivere
1131 381 1404 438 sinebantur,
1444 383 1679 442 effugerent
1695 418 1707 438 ‚

336 453 371 501 si
387 437 740 504 Cliananaeorum
753 470 871 498 enses
888 453 932 498 in
950 452 1154 515 proprios
1169 452 1344 512 jugulos
1362 470 1440 516 per
1454 453 1712 516 torporis(1)

337 521 550 575 incuriam
578 534 879 586 provocarent.
909 523 1190 568 Excutiamus
1217 540 1316 582 ergo
1335 560 1346 579 ‚
1369 523 1520 569 fratres
1540 522 1713 568 charis-

335 593 465 649 simi,
506 593 759 654 degenerem
797 592 1010 639 marcidae
1041 592 1339 639 dissolutionis
1376 594 1604 650 inertiam,
1637 593 1715 657 qui

334 681 412 735 per
434 664 736 711 fortitudinem
753 676 926 711 strenue
943 664 1187 710 dimicandi
1204 665 1431 728 pervenire
1444 665 1646 713 volumus
1660 664 1715 710 ad

334 752 557 783 coronam.
584 736 730 782 Parati
751 736 884 782 simus
898 753 1070 799 semper
1086 735 1299 782 irruentes
1313 736 1523 783 vitiorum
1540 753 1714 793 cuneos,

334 823 385 852 ac
409 806 639 853 frementes
656 807 815 853 bestias
835 808 889 853 de
907 824 1011 867 agro
1032 806 1170 852 nostri
1185 807 1505 867 cordisqjicere„
1528 807 1717 852 nullum-

333 894 418 941 que
439 879 498 924 eis
518 879 563 925 in
581 896 648 935 ea,
674 895 774 942 quae
791 879 925 924 nostri
944 878 1057 939 juris
1080 888 1208 935 sunt,
1236 879 1541 942 permittamus
1565 878 1716 924 locum

333 966 551 1019 perversae
571 950 884 996 dominationis
918 950 1097 997 habere.
1128 951 1224 996 Non
1248 950 1425 996 videant
1449 968 1527 995 nos
1549 949 1718 995 inimici

334 1021 497 1077 nostri,
527 1021 650 1084 quod
675 1021 813 1075 absit,
855 1020 1068 1067 enerviter
1105 1021 1280 1074 cedere,
1324 1039 1377 1066 ne
1411 1038 1508 1065 mox
1542 1020 1718 1065 sibimet

335 1091 656 1158 applaudentes
677 1091 731 1138 de
764 1092 919 1137 nostris
942 1091 1114 1137 valeant
1137 1092 1377 1138 recessibus
1402 1091 1609 1137 exultare.
1640 1091 1714 1135 ln-

335 1163 501 1229 {ictum
531 1180 721 1228 namque
746 1163 915 1209 militiae
933 1174 1092 1209 nostrae
1116 1163 1274 1210 ducem
1306 1163 1545 1218 habemus,
1572 1162 1645 1208 cui
1670 1162 1719 1207 fi-

338 1233 573 1289 ducialiter
598 1235 786 1281 dicimus
827 1252 838 1280 :
883 1256 902 1277 ι(
924 1235 1086 1280 Judica
1104 1271 1115 1291 ,
1154 1235 1339 1280 Domine
1355 1272 1364 1290 ,
1393 1244 1596 1279 nocentes
1620 1250 1688 1278 me
1705 1270 1716 1289 ,

336 1327 356 1347 »
381 1322 583 1368 expugna
600 1306 911 1368 impugnantes
930 1322 1023 1358 1ne3
1039 1305 1326 1367 apprehende
1341 1314 1510 1349 armaet
1526 1314 1719 1360 scutum,

338 1398 356 1433 χ)
380 1386 422 1428 et
439 1393 601 1436 exurge
622 1376 669 1421 in
697 1376 970 1436 adjutorium
995 1375 1152 1422 mihi1.
1179 1397 1199 1417 ³>
1235 1376 1350 1421 Felix
1387 1374 1627 1438 spiritualis
1651 1374 1722 1420 ille

339 1446 553 1503 bellator,
581 1448 659 1511 qui
683 1447 806 1492 talem
829 1447 1024 1511 sequitur
1048 1448 1092 1493 in
1115 1446 1272 1510 praelio
1286 1447 1443 1492 ducem
1461 1484 1471 1503 ‚
1496 1446 1573 1509 qui
1593 1446 1721 1492 talem

338 1528 530 1565 meretur
551 1517 715 1563 habere
743 1534 833 1563 suae
853 1518 1165 1578 congressionis
1191 1528 1432 1571 auctorem,
1461 1518 1597 1580 quiet
1615 1533 1723 1580 prae-

339 1590 527 1636 sumenti
567 1589 737 1653 praebet
781 1589 1012 1635 audaciam
1034 1627 1044 1644 ‚
1078 1600 1120 1634 et
1144 1589 1359 1652 pugnanti
1386 1588 1612 1634 victoriam
1637 1625 1648 1643 ‚
1681 1599 1723 1633 et

339 1661 550 1706 victorem
574 1660 697 1705 vehit
720 1659 774 1705 ad
794 1660 1153 1716 coronam.Quin
1171 1660 1316 1722 potius
1337 1660 1431 1722 ipse
1452 1669 1515 1704 est
1539 1659 1724 1704 militan-

341 1732 460 1778 tibus
483 1731 743 1777 donativum
764 1768 774 1786 ‚
796 1731 986 1779 emeritis
1007 1731 1319 1793 municipium,
1341 1729 1725 1792 triumphantibus

342 1802 576 1867 praemium
598 1801 942 1865 sempiternum,
1001 1801 1094 1866 ipse
1129 1802 1244 1847 Deus
1270 1799 1529 1847 benedictus
1565 1800 1610 1846 in
1642 1817 1723 1846 sae-

344 1873 458 1921 cula.

394 1991 404 2014 ¹
430 1990 640 2032 Psal.xxx1v‚
661 2001 692 2031 x,
710 1989 739 2021 2'.

391 2071 401 2117 (
413 2072 442 2116 t)
460 2072 538 2104 Cod.
553 2072 703 2115 corporis.
