1868 3301
335 216 431 280 496
601 230 636 260 s.
680 227 927 260 Aueusnm
963 228 1167 259 Erlscom
1205 228 1444 261 APPENDIX.

338 303 381 341 et
402 295 511 338 sicut
533 293 676 337 Sancti
698 294 785 336 sine
803 293 887 336 fine
920 295 959 336 in
985 296 1093 336 coelo
1115 296 1363 351 gaudebunt
1384 329 1394 343 ‚
1419 296 1479 339 sic
1500 306 1543 339 et
1567 312 1718 354 pecca--

338 372 450 406 tores
474 361 563 403 sine
586 359 670 401 sine
693 375 789 402 cum
816 361 984 402 diabolo
1010 361 1052 402 in
1075 361 1239 402 inferno
1270 361 1598 411 cruciabuntur,
1622 363 1718 406 etsi

337 431 569 486 lacrymas,
607 433 655 467 ut
687 427 826 468 statim
852 427 1076 475 volumus,
1113 426 1302 468 iuvenire
1343 443 1426 468 non
1461 443 1716 485 possumus,

340 494 501 537 orando
524 507 608 533 non
632 490 903 538 deficiamus;
930 491 1204 548 persistamus
1228 492 1268 532 in
1293 492 1490 547 precibus
1508 524 1519 540 ,
1542 493 1638 549 quia
1663 493 1720 535 sa-

340 560 419 603 cile
447 566 584 615 potest
607 557 719 598 Deus
743 558 952 612 lacrymas
993 558 1104 598 dare.
1136 556 1254 598 Multi
1278 556 1391 597 enim
1422 558 1629 614 lacrymas
1651 559 1722 600 ha·

336 626 438 668 bere
453 622 716 671 desiderant,
740 621 914 668 sednon
930 622 1067 663 statim
1083 654 1094 670 ‚
1116 631 1162 662 ut
1181 623 1350 669 volunt,
1371 622 1461 663 illas
1483 623 1719 672 inveniunt,

339 691 390 733 de
414 704 498 747 quo
522 689 762 744 exemplum
788 687 828 728 in
852 687 932 729 vita
971 687 1142 729 l’atrum
1175 687 1380 744 scriptum
1416 696 1493 730 est.
1537 688 1721 740 Quidam

339 757 469 799 frater
492 751 765 809 interrogavit
789 753 1017 808 quemdam
1045 767 1190 794 senem
1222 752 1365 794 dicens
1395 767 1438 794 t«
1454 753 1606 795 Anima
1629 769 1722 796 mea

342 822 553 866 desiderat
572 820 690 861 valde
713 819 923 874 lacrymas
942 818 1099 860 babere
1113 851 1122 866 ,
1142 826 1187 859 ut
1208 817 1331 860 audio
1353 833 1472 860 senes
1489 820 1723 876 lacryman-

338 897 424 937 tes,
441 884 606 929 etmihi
631 898 713 925 non
736 883 932 932 veniunt,
952 884 1064 926 etita
1090 884 1315 926 tribulatur
1333 884 1471 926 anima
1493 886 1723 938 mea.Quid

343 952 553 998 faciami‘»
568 951 620 992 Et
643 950 863 1005 respondit
885 964 1013 991 senex
1037 949 1187 992 :«Filii
1206 950 1331 992 Israel
1352 958 1446 1007 post
1471 951 1725 1007 quingentos

342 1035 473 1063 annos
504 1017 770 1058 intraverunt
795 1015 1012 1056 interram
1045 1015 1415 1071 repr-omissionis3
1451 1018 1503 1058 ad
1535 1032 1661 1072 quam
1693 1017 1726 1060 si

342 1082 608 1144 perveneris,
648 1082 812 1122 nullum
850 1080 1018 1122 timebis
1047 1081 1220 1123 bellum.
1264 1081 1325 1122 Ita
1355 1081 1467 1122 enim
1501 1084 1587 1124 vult
1614 1083 1726 1126 Deus

344 1149 468 1207 affligi
487 1148 646 1190 animas
666 1155 831 1188 nostras
848 1181 857 1195 ,
879 1156 925 1189 ut
941 1162 1107 1204 semper
1125 1146 1363 1188 desiderent
1380 1146 1419 1188 in
1440 1147 1552 1189 illam
1572 1156 1726 1191 terram

343 1215 520 1274 ingredi.
549 1233 564 1253 »
591 1212 771 1255 Dicebat
793 1213 918 1254 etiam
943 1214 993 1254 de
1020 1213 1145 1254 beato
1167 1212 1345 1255 Arsenio
1363 1244 1372 1262 ,
1400 1213 1469 1269 qui
1504 1222 1592 1256 toto
1626 1223 1728 1257 tem-

343 1298 449 1342 pore
472 1281 564 1323 vitae
586 1293 671 1320 suae
699 1279 848 1319 sedens
872 1279 924 1319 ad
954 1293 1059 1335 opus
1086 1293 1290 1320 manuum
1318 1293 1488 1319 suarum
1507 1311 1517 1328 ‚
1541 1294 1727 1336 pannum

346 1347 530 1393 habebat
556 1352 651 1387 ante
674 1358 716 1385 se
741 1353 913 1401 propter
935 1344 1166 1400 lacrymas,
1186 1359 1277 1399 quse
1295 1344 1504 1385 cadebant
1525 1359 1575 1386 ex
1597 1345 1730 1387 oeulis

346 1415 452 1473 ejus.
480 1413 572 1454 Hoc
595 1424 693 1451 vero
720 1424 794 1450 nos
828 1409 1070 1458 audientes,
1103 1425 1125 1451 o
1148 1409 1390 1452 charissima
1421 1410 1570 1459 Mater,
1596 1426 1730 1467 quan-

346 1490 437 1525 tum
463 1493 536 1520 nos
559 1476 762 1518 debemus
785 1490 1023 1531 praeparare
1054 1475 1106 1516 ad
1136 1476 1317 1517 lamenta
1341 1491 1590 1532 pensemus3
1616 1478 1731 1533 quod

346 1548 380 1590 si
402 1545 459 1587 illi
483 1554 566 1585 tam
593 1540 726 1583 saneti
744 1572 753 1586 ,
781 1549 822 1581 et
848 1539 972 1595 justi,
998 1547 1039 1580 et
1069 1539 1145 1581 Dei
1168 1555 1243 1596 per
1271 1541 1413 1580 omnia
1437 1540 1638 1583 facientes
1662 1556 1732 1583 vo-

346 1615 571 1656 luntatem,
588 1607 648 1649 sic
671 1604 988 1647 mortificabant
1006 1605 1103 1646 vitia
1126 1605 1165 1646 in
1185 1606 1435 1662 corporibus
1453 1607 1552 1655 suis,
1574 1615 1731 1663 quanto
1790 1651 1796 1658 ,

348 1678 481 1735 magis
507 1690 581 1717 nos
610 1680 857 1730 peccatores
875 1670 977 1712 ssere
998 1681 1039 1713 et
1061 1673 1206 1728 lugere
1229 1672 1438 1714 debemus
1453 1706 1463 1722 ‚
1487 1682 1528 1715 et
1550 1674 1734 1730 cogitare

350 1745 461 1788 diem
478 1739 625 1783 mortis
649 1746 803 1780 nostrae
818 1769 827 1785 ‚
853 1745 895 1778 et
917 1738 1029 1778 diem
1051 1736 1226 1793 judicii3
1248 1738 1433 1794 cogitare
1455 1739 1580 1780 etiam
1600 1739 1734 1795 qualis

350 1807 555 1852 discussio
579 1803 636 1845 ibi
664 1803 754 1844 erit.
784 1801 1017 1844 Audiamus
1045 1802 1147 1857 quid
1170 1803 1316 1843 beatus
1341 1802 1545 1845 Antonius
1567 1804 1733 1846 cuidam

350 1873 467 1916 fratri
486 1886 584 1913 eum
603 1867 879 1924 interroganti
898 1867 1179 1922 responderit.
1204 1868 1296 1924 Ipse
1318 1867 1446 1910 frater
1465 1869 1736 1927 interrogavit

351 1955 449 1984 eum
470 1937 612 1980 dicens
635 1950 644 1976 ι
665 1952 679 1972 ι(
707 1934 784 1975 Dic
804 1932 907 1974 mihi
933 1933 1102 1988 aliquod
1129 1933 1320 1975 verbum.
1344 1954 1358 1972 n
1381 1934 1494 1976 Dixit
1517 1935 1553 1976 ei
1579 1950 1703 1977 senex
1723 1950 1732 1976 :

362 2025 378 2046 α
394 2005 528 2051 Vade,
548 2002 666 2044 etsac
691 2001 820 2042 talem
847 1999 1148 2056 cogitationem
1172 2001 1340 2055 qualem
1367 2000 1527 2042 faciunt
1546 2001 1639 2049 viri,
1665 2001 1735 2057 qui

353 2072 593 2117 retinentur
627 2068 667 2108 in
701 2081 887 2107 carcere.
927 2066 1008 2122 Ipsi
1039 2065 1149 2106 enim
1183 2066 1243 2123 (ι)
1280 2066 1567 2124 interrogant,
1591 2067 1737 2109 ubisit

354 2139 507 2197 judex,
542 2145 584 2177 ct
607 2133 777 2190 quaudo
800 2141 1004 2173 venturus
1028 2131 1080 2173 sit
1103 2132 1152 2173 ad
1176 2131 1382 2188 judicium
1405 2133 1666 2182 faciendum,
1696 2141 1737 2175 et

354 2206 397 2248 in
423 2204 509 2260 ipsa
536 2198 865 2255 interrogatione
889 2212 1033 2254 poenas
1055 2213 1149 2238 suas
1173 2199 1407 2255 deplorant.
1443 2198 1503 2240 lta
1526 2208 1566 2240 et
1588 2213 1735 2240 mona-

357 2270 461 2313 chus
491 2267 618 2308 debet
646 2279 812 2320 semper
835 2278 924 2304 esse
948 2273 1167 2320 suspectus
1190 2272 1232 2305 et
1258 2264 1437 2305 animam
1461 2280 1577 2306 suam
1597 2264 1739 2320 objur-

357 2350 456 2393 gare
478 2332 685 2374 dicendo:
716 2329 783 2371 Vae
807 2329 909 2370 mihi
926 2361 935 2376 ,
966 2331 1180 2384 quomodo
1206 2338 1314 2371 stare
1336 2331 1470 2371 debeo
1493 2339 1588 2371 anto
1606 2331 1738 2371 tribu-

356 2400 427 2443 nal
452 2397 626 2447 Christi,
660 2403 700 2436 et
733 2396 951 2451 quomodo
985 2395 1119 2437 debeo
1147 2404 1317 2436 actuum
1347 2411 1538 2437 meorum
1561 2397 1739 2438 reddere

358 2464 579 2508 rationem.
617 2461 748 2518 igitur
788 2460 820 2502 si
853 2460 910 2502 sic
947 2476 1113 2517 semper
1152 2461 1379 2504 meditatus
1417 2462 1568 2514 fueris,
1602 2463 1739 2504 salvus

408 2577 458 2620 (ι)
472 2575 551 2610 Cod.
570 2574 651 2606 male
669 2586 750 2605 eum.
