1868 3301
214 292 305 345 340
472 303 505 335 s.
551 305 793 337 Auersrml
834 304 1033 336 EPlscori
1073 304 1310 334 Ai‘rfflmx.

215 380 285 412 net
302 386 444 427 aspera
467 372 506 412 in
532 371 616 412 vias
640 371 782 426 planas
798 371 808 391 ¹
835 387 878 418 ς»
901 368 1060 411 scilicet
1081 400 1090 415 ,
1116 377 1159 408 ut
1183 367 1387 423 quidquid
1408 368 1581 409 tortuosi

214 436 418 493 serpentis
443 444 536 477 ante
560 435 843 478 infructuosus
866 444 907 477 et
925 434 1113 477 lubricus
1138 447 1256 474 error
1282 433 1449 481 invexit,
1464 433 1583 489 quid-

214 502 312 558 quid
336 502 533 544 scabiosre
552 510 711 543 naturae
733 504 885 543 callosa
906 500 968 557 (ι)
997 498 1169 540 durities
1192 499 1372 555 operuit,
1408 507 1522 540 recta
1541 507 1583 540 et

215 567 416 608 inoffensa
444 568 516 608 vite
553 568 775 608 securioris
800 582 846 607 ae
880 566 1037 607 semitae
1076 563 1208 605 fidelis
1240 564 1429 619 planities
1472 566 1582 605 ada>

214 641 313 688 quet
342 633 423 687 (2).
468 632 557 674 lloc
580 648 678 689 ergo
701 647 777 673 vox
801 632 874 672 ista
899 629 1151 671 clamatsub
1177 629 1372 669 universo
1398 630 1579 677 mundo;

212 712 350 753 praeco
384 705 523 738 tantus
555 697 736 738 insinuat
774 696 999 741 :wan-ate,
1035 694 1193 750 inquit⁷
1227 694 1333 734 viam
1370 693 1551 735 Domino
1574 726 1584 742 ‚

213 784 226 801 o
244 771 380 804 rectas
408 762 529 804 facite
566 763 733 804 semitas
756 761 833 802 Dei
857 760 1024 803 nostri2.
1053 779 1068 799 ι)
1103 760 1195 801 Jam
1220 759 1427 815 siquidem
1458 759 1584 800 Maria

213 828 429 869 Christum
452 827 611 883 Spiritu
645 835 791 868 sancto
815 826 1041 868 maritante
1067 833 1346 882 conceperat3
1373 824 1455 880 jam
1499 825 1587 865 sine

214 894 350 934 aheno
375 892 532 934 semine
555 892 802 949 impollutus
825 891 1005 948 Virginis
1039 900 1187 933 venter
1217 898 1475 937 exoraveram
1502 889 1586 946 jam

212 958 312 1000 hinc
357 958 711 1014 Evangelistarum
753 957 954 998 currebat
991 957 1222 1013 quadriga3
1259 956 1342 1011 jam
1365 955 1465 996 hinc
1489 955 1589 996 tuba

212 1025 383 1081 plenum
407 1024 495 1065 Deo
513 1038 683 1064 cursum
703 1038 778 1079 per
797 1024 943 1064 orbem
958 1022 1121 1064 dictura
1139 1022 1373 1063 resonabat.
1394 1021 1491 1062 Ideo
1511 1035 1590 1061 vox

212 1090 418 1146 judicem,
440 1089 538 1131 tuba
557 1089 732 1146 prceibat
754 1089 911 1144 Regem
931 1122 940 1136 ,
969 1097 1013 1130 ut
1038 1090 1237 1130 saeculum
1259 1087 1500 1129 conveniret
1515 1119 1524 1134 ‚
1549 1095 1589 1127 et

212 1156 395 1196 mundus
418 1164 527 1196 totus
551 1155 729 1202 audiret,
748 1153 1290 1210 terrificisqueelamoribus
1309 1153 1454 1193 surdas
1468 1167 1589 1192 aures

212 1221 434 1261 hominum
456 1234 582 1259 sonus
605 1219 863 1275 gratissimus
886 1220 1079 1274 aperiret.

271 1285 343 1326 ΙΙΙ.
383 1284 489 1324 Cum
525 1283 651 1340 igitur
690 1283 886 1325 sacerdos
917 1283 1141 1326 Zacharias
1174 1290 1327 1324 astaret
1359 1281 1557 1323 altaribus
1578 1314 1588 1329 ,

213 1349 464 1391 animntiato
484 1348 663 1389 coelestis
689 1348 811 1405 Regis
834 1348 890 1403 (5)
914 1363 1125 1404 prmcone.
1146 1346 1366 1389 confestim
1390 1346 1591 1387 ineredu-

211 1415 277 1456 lus
301 1423 420 1470 pater
440 1413 665 1454 obmutuit.
690 1413 828 1454 Sensit
846 1428 922 1453 vox
940 1412 1208 1469 genitorisffl)
1230 1412 1456 1457 silentium,
1473 1420 1591 1451 vetus

213 1480 352 1536 lingua
370 1477 578 1520 conticuit
599 1478 862 1519 Judaeorum.
880 1477 1105 1520 Zacharias
1124 1479 1321 1518 sacerdos
1338 1492 1357 1517 a
1380 1475 1591 1517 sacrificio

214 1544 437 1586 revertitur
461 1551 601 1584 mutus
617 1575 626 1589 ,
651 1544 747 1597 quia
771 1557 892 1582 verus
911 1550 1000 1583 erat
1018 1543 1211 1583 sacerdos
1236 1540 1348 1582 illico
1375 1542 1432 1596 (5)
1461 1538 1592 1580 nasci-

215 1617 348 1650 turus.
373 1609 646 1664 Torpuerunt
670 1608 710 1647 in
731 1607 948 1648 cuhilisuo
969 1608 1159 1648 membra
1181 1607 1405 1648 verborum
1425 1637 1434 1653 ,
1460 1605 1592 1646 voxin

214 1674 297 1717 suis
319 1674 481 1715 succisa
506 1672 719 1713 radicibus
743 1672 877 1718 aruit,
904 1680 1027 1726 atque
1051 1671 1092 1712 in
1116 1671 1212 1728 ipsis
1241 1672 1462 1712 conatibus
1485 1671 1592 1711 victa

214 1741 380 1783 defecit.
409 1739 520 1782 Nihil
546 1746 688 1794 aperto
713 1752 785 1779 ore
813 1738 990 1779 sonabat
1013 1770 1023 1785 ,
1046 1738 1138 1793 quia
1166 1738 1273 1778 inter
1299 1751 1460 1778 caecum
1483 1737 1592 1777 uteri

215 1806 391 1848 dicentis
412 1806 474 1861 (5)
499 1804 627 1845 chaos
648 1804 871 1860 absorptus
890 1812 931 1843 et
953 1803 1212 1859 interruptus
1233 1818 1373 1844 sermo
1394 1802 1588 1859 perierat.

216 1873 324 1912 Ante
346 1871 532 1911 Verbum
563 1884 638 1911 vox
664 1870 863 1910 nascitur.
888 1869 1075 1910 Perdidit
1100 1869 1241 1924 itaque
1263 1868 1408 1909 Judaea
1431 1882 1593 1909 sermo--

215 1951 310 1978 nem
336 1944 562 1992 paternum
580 1967 588 1981 ,
612 1942 652 1974 et
671 1933 735 1988 jus
764 1948 879 1974 novae
902 1933 1016 1975 vocis
1040 1933 1226 1974 transivit
1248 1934 1297 1973 ad
1312 1932 1442 1973 filium
1459 1965 1468 1979 ‚
1497 1932 1591 1987 quia

215 2003 393 2042 joannes
422 2000 588 2041 Christo
613 2008 699 2040 erat
729 1998 993 2039 exhibiturus
1025 1998 1287 2053 obsequium,
1336 1997 1487 2039 Verum
1526 1998 1593 2037 in-

217 2067 412 2107 credulus
437 2065 504 2105 ille
527 2072 647 2121 pater
670 2063 738 2118 qui
760 2062 946 2103 Gabriel}
966 2078 985 2102 a
1001 2062 1161 2103 thronis
1185 2062 1392 2118 regalibus
1413 2062 1593 2103 venienti

219 2132 352 2174 noluit
378 2129 699 2172 accommodare
738 2127 864 2170 fidem
880 2161 890 2175 ‚
930 2137 1021 2185 post
1066 2129 1370 2169 incarceratam
1418 2143 1562 2169 vocem
1581 2161 1590 2175 ‚

218 2213 341 2253 quam
366 2205 480 2238 recte
503 2196 563 2251 (6)
591 2194 778 2236 saucium
800 2194 1066 2251 profunditus
1079 2203 1119 2234 et
1144 2194 1358 2236 humilitas
1383 2193 1592 2234 viscerum

217 2271 374 2304 secreta
402 2269 690 2318 receperunt,
723 2260 797 2301 ubi
828 2267 963 2301 mater
999 2268 1158 2300 naturae
1193 2260 1358 2300 vincula
1389 2267 1431 2300 et
1461 2260 1593 2299 nodos

217 2329 325 2370 uteri
363 2336 485 2382 atquo
518 2326 833 2382 implicamenta
877 2324 1047 2365 resolvit
1069 2324 1238 2380 genitali
1268 2338 1410 2371 more,
1434 2324 1595 2379 recepit

219 2403 334 2451 pater
351 2406 511 2434 vocem.
537 2390 864 2431 Funditnovum
881 2398 1050 2446 partum
1069 2390 1183 2430 alvus
1210 2389 1375 2436 sterilis,
1400 2398 1442 2430 et
1459 2389 1592 2430 soluta

268 2508 373 2537 ιΙιιιο,
393 2514 440 2539 111,
459 2505 492 2542 3,
510 2508 540 2538 4.
558 2519 600 2525 ι-
620 2499 721 2533 21sai.
744 2510 796 2537 xz,
816 2501 846 2531 3.

265 2587 314 2633 (ι)
334 2585 413 2618 (lod.
432 2583 617 2625 gallicosas.
635 2599 681 2606 ——
706 2583 758 2623 (α)
781 2581 831 2614 Id.
856 2581 1025 2622 adaequat.
1045 2599 1090 2605 —
1111 2582 1158 2624 (3)
1182 2582 1227 2612 Id.
1249 2582 1424 2612 ‹roelescz'lms
1444 2592 1532 2622 rege,
1549 2597 1594 2604 —

218 2650 250 2689 {⁴
283 2643 331 2676 td.
346 2641 489 2683 gemina.
506 2637 598 2681 —(5
627 2637 676 2669 Id.
698 2637 822 2668 illicito.
841 2655 887 2661 —
909 2639 956 2671 (6)
978 2637 1027 2669 1d.
1052 2638 1217 2671 discentis.
1240 2653 1285 2661 --
1317 2636 1349 2679 7)
1369 2636 1418 2667 ld.
1439 2644 1545 2670 veste,
