1885 3284
324 319 416 381 296
586 335 621 365 s,
664 335 911 369 anensium
946 334 1152 369 nmscori
1189 335 1429 368 Arrnumx.

324 400 522 455 diamque
540 399 725 443 dissolvit
746 436 755 451 ,
782 403 836 445 ita
861 413 902 446 et
933 404 1124 446 Christus
1148 403 1261 445 feeit.
1301 403 1416 445 Deus
1447 404 1569 446 nobis
1593 404 1703 460 juste

327 465 603 514 irascebatur,
629 475 671 508 et
687 483 763 510 nos
787 471 1164 511 contemnebamus
1183 469 1335 510 iratum
1353 502 1363 517 ‚
1388 478 1431 511 et
1451 471 1704 511 clementem

324 530 555 572 Dominum
584 532 924 583 declinabamus;
950 545 991 577 et
1015 551 1057 577 se
1081 535 1266 576 medium
1291 534 1481 576 Christus
1502 535 1704 592 ingessit,

329 603 369 636 et
394 596 565 638 sociavit
588 606 809 656 utramque
832 609 1025 642 naturam
1045 617 1054 648 ;
1078 610 1120 642 et
1141 600 1261 642 nobis
1277 632 1287 648 ,
1313 601 1427 655 quod
1461 601 1709 642 imminebat

333 676 354 702 a
376 660 496 702 Patre
512 694 521 708 ,
547 664 800 719 supplicium
822 666 907 722 ipse
926 666 1125 708 sustinuit
1152 681 1195 707 :«
1216 664 1407 706 Christus
1428 679 1526 712 nos,
1548 666 1705 721 inquit,

333 725 464 766 »emit
486 726 537 767 de
560 729 786 770 maledicto
809 730 951 788 Legis,
977 731 1110 772 sactus
1133 744 1210 787 pro
1231 729 1352 770 nobis
1378 729 1665 771 maledictus¹.
1684 749 1699 767 n

334 790 460 832 Vides
494 791 607 847 quod
640 793 862 836 imminens
891 797 1060 838 coeleste
1085 795 1339 853 supplicium
1365 794 1454 852 ipse
1479 794 1675 836 sustinuit
1699 810 1709 842 3

336 855 577 912 discequod
595 867 635 899 et
655 867 898 901 terrestrem
924 861 1236 904 insultationem
1256 861 1342 917 ipse
1362 859 1576 902 toleravit:
1611 877 1625 897 α
1642 859 1714 900 Iu-

335 923 634 971 mutuationes,
662 924 819 981 inquit,
842 927 1132 970 insultantium
1154 927 1401 969 ceciderunt
1422 941 1549 982 super
1572 923 1702 967 me².=

337 986 462 1028 Vides
481 990 842 1044 quemadmodum
868 994 1026 1035 sedavit
1043 994 1228 1051 jurgium
1245 1024 1254 1040 ‚
1285 991 1646 1047 quemadmodum
1665 989 1718 1031 li-

337 1051 485 1108 tigium
514 1053 599 1109 ipse
622 1055 812 1098 dissolvit
831 1091 840 1107 ,
869 1073 946 1100 nec
972 1068 1067 1101 aute
1096 1057 1309 1105 discessit,
1335 1055 1408 1097 sed
1431 1056 1562 1097 multa
1587 1054 1685 1096 fecit
1705 1087 1716 1104 ,

339 1118 470 1157 multa
494 1118 1008 1167 sustinuit,utinimicum
1033 1123 1356 1168 reconciliaret,
1381 1128 1427 1162 ut
1449 1120 1612 1162 bostem
1631 1120 1720 1162 Deo

341 1182 547 1230 sociaret,
588 1192 630 1224 et
669 1186 851 1228 amicum
884 1188 1042 1231 faceret
1080 1188 1150 1245 qui
1190 1188 1326 1229 multo
1358 1185 1494 1227 suerat
1532 1194 1722 1242 tempore

341 1247 548 1289 inimicus.
566 1248 617 1290 Et
636 1250 787 1293 horum
808 1261 949 1295 tamen
969 1255 1160 1296 omnium
1176 1251 1481 1295 beneficiorum
1494 1251 1723 1292 hodiernus

345 1313 433 1354 dies
455 1312 561 1354 mira
585 1314 662 1356 suit
686 1331 810 1358 causa
847 1320 932 1374 (ι),
969 1335 1053 1377 quo
1083 1328 1283 1375 tanquam
1321 1316 1526 1374 primitias
1562 1324 1723 1358 naturae

347 1387 499 1419 nostrae
522 1377 611 1420 Deo
635 1382 773 1430 dedit,
813 1393 856 1425 ct
894 1385 1000 1427 sicut
1039 1387 1090 1427 de
1120 1381 1270 1441 campo
1294 1381 1504 1439 segetibus
1528 1382 1727 1423 decorato

347 1444 417 1501 qui
441 1445 638 1486 collectas
661 1447 795 1503 spicas
815 1450 1019 1492 obtulerit
1036 1452 1126 1493 Deo
1148 1483 1158 1498 ,
1184 1463 1377 1506 magnam
1402 1448 1458 1502 (2)
1479 1461 1627 1503 campo
1651 1446 1727 1487 be-

348 1510 634 1552 nedictionem
663 1522 879 1568 reportare
902 1516 1170 1572 prospicitur,
1191 1515 1249 1557 sic
1266 1523 1307 1556 ct
1328 1512 1518 1555 Christus
1536 1527 1611 1569 per
1626 1511 1730 1553 illud

349 1591 502 1632 corpus
528 1584 714 1617 nostram
738 1577 838 1620 fecit
859 1580 1054 1623 benedici
1073 1589 1285 1622 naturam.

413 1640 483 1682 IV.
522 1640 629 1688 Sed,
669 1642 810 1691 dices,
833 1652 876 1686 et
916 1660 992 1687 cur
1019 1647 1076 1703 (5)
1108 1661 1189 1688 non
1213 1659 1382 1687 omnem
1411 1653 1602 1686 naturam
1624 1644 1732 1685 leva-

355 1709 416 1750 vit
437 1708 487 1748 ad
520 1706 708 1748 coelum'?
732 1708 791 1749 Eo
818 1712 932 1766 quod
956 1714 1014 1767 (Δ)
1039 1726 1121 1753 non
1147 1712 1343 1753 videntur
1381 1724 1471 1751 esse
1506 1708 1700 1766 primitia}
1721 1741 1732 1757 ,

358 1789 455 1818 cum
485 1780 620 1814 totum
657 1773 851 1824 offertur,
884 1778 957 1819 sed
996 1779 1028 1819 si
1066 1786 1230 1819 tantum
1259 1776 1412 1834 partim
1435 1774 1634 1823 offertum
1661 1789 1736 1832 per

357 1842 467 1883 hanc
492 1839 551 1894 (5)
580 1838 691 1879 enim
716 1840 971 1883 oblationem
987 1848 1121 1885 totum
1138 1842 1419 1885 benedicitur.
1449 1840 1554 1889 Sed,
1580 1840 1733 1895 inquis,

360 1907 391 1948 si
416 1904 610 1961 primitiae
634 1913 759 1953 sunt,
786 1906 968 1963 primum
996 1909 1131 1965 ipsum
1173 1909 1229 1964 (6)
1259 1907 1475 1949 hominem
1507 1905 1558 1947 ad
1582 1906 1735 1946 coelum

363 1972 570 2014 debuerat
588 1968 645 2025 (7)
663 1970 828 2012 elevare
842 1988 853 2019 ;
869 1973 1061 2029 primitiae
1081 1989 1263 2031 namque
1280 1981 1389 2013 suut.
1409 1971 1535 2022 Quod
1555 1971 1737 2028 primum

361 2037 561 2081 offertur,
586 2035 857 2094 primumque
880 2040 1079 2095 pullulat,
1105 2053 1188 2081 non
1213 2047 1274 2080 est
1297 2037 1378 2079 hoc
1399 2035 1615 2093 primitiae3
1642 2049 1738 2076 nam

361 2101 585 2145 imbecillis
620 2101 780 2144 fruetus
813 2105 952 2146 nultus
981 2114 1068 2153 est;
1110 2106 1181 2146 sed
1217 2104 1335 2146 sortis
1371 2110 1412 2144 et
1450 2102 1611 2143 valitus
1652 2101 1740 2158 ipse

365 2169 490 2210 debet
515 2167 674 2209 offerri.
701 2168 810 2220 Quia
832 2184 932 2226 ergo
958 2186 1033 2227 pro
1056 2179 1232 2228 peccato
1258 2169 1394 2211 suerat
1415 2167 1628 2224 obligatus
1650 2198 1659 2217 ‚
1699 2174 1741 2207 et

363 2244 528 2294 patrato
567 2234 744 2276 crimine
776 2235 1015 2285 verebatur,
1042 2237 1137 2279 ideo
1162 2252 1245 2278 non
1273 2235 1409 2293 potuit
1431 2232 1572 2275 oss'erri
1590 2264 1601 2280 ,
1642 2232 1743 2274 licet

365 2302 482 2359 prior
502 2302 635 2343 sactus
657 2317 746 2343 esse
768 2301 982 2343 videretur
1007 2303 1086 2359 (8),
1118 2302 1191 2344 sed
1217 2301 1286 2358 qui
1310 2307 1453 2357 postea
1490 2297 1625 2339 sactus
1661 2304 1737 2339 est.

368 2368 421 2408 tlt
445 2366 578 2408 discas
610 2368 723 2423 quod
756 2367 831 2408 iste
854 2368 1017 2409 fructus
1054 2367 1259 2426 primitias
1291 2364 1390 2407 sccit
1409 2398 1420 2414 ‚
1446 2363 1517 2420 qui
1545 2362 1745 2404 robustus

414 2482 423 2502 ¹
444 2482 550 2514 Galat.
573 2492 623 2522 ιιι,
647 2482 698 2515 13.
720 2499 765 2505 —
781 2478 1030 2518 2Psal.x..xv111,
1052 2494 1104 2515 10.

414 2564 462 2607 (¹)
481 2567 574 2596 Deest
590 2565 620 2595 in
640 2565 709 2596 coni.
726 2576 786 2595 vox
806 2575 919 2596 causa.
940 2581 981 2588 -—
1004 2560 1053 2608 (2)
1069 2563 1150 2598 Cod,
1169 2571 1337 2605 tanquam.
1353 2577 1398 2584 —-
1420 2556 1473 2605 (3)
1490 2556 1542 2591 hl.
1561 2565 1592 2587 et
1606 2568 1687 2587 cum.
1701 2572 1747 2580 --

372 2621 417 2663 ,4)
439 2622 484 2652 td.
505 2622 609 2662 quod:
639 2627 670 2652 et
691 2620 805 2652 deinde
823 2620 909 2652 deest
925 2621 993 2651 sed.
1018 2638 1055 2644 —
1077 2616 1130 2665 (5)
1150 2619 1198 2653 Id,
1217 2630 1277 2661 per
1301 2627 1414 2660 qnam.
1438 2632 1482 2639 --
1499 2614 1547 2658 (6)
1569 2612 1617 2646 Id.
1641 2622 1746 2642 sunm.

371 2696 416 2702 -
440 2678 484 2720 J]
504 2679 551 2710 m.
571 2678 761 2710 ‹lebwar-me.
783 2696 822 2702 -
843 2676 894 2720 (8)
911 2677 959 2711 ld,
980 2677 1169 2710 videbatur,
