1868 3301
362 307 451 361 [102
626 320 658 349 8.
703 318 945 349 AUGUSTINI
984 316 1189 348 EPISCOPI
1229 315 1467 347 APPENDlx.

364 401 508 429 sumus
525 419 535 435 ,
561 400 707 428 omnes
726 401 806 427 una
831 385 910 426 vita
940 383 1116 426 vivimus
1134 415 1144 431 ‚
1173 397 1320 425 omnes
1340 383 1595 426 unanimiter
1615 399 1735 440 gene—

362 468 506 495 ramur
529 460 571 493 et
591 451 812 498 morimur,
841 464 987 492 omnes
1022 448 1177 491 Christi
1209 449 1412 506 sanguine
1436 449 1644 506 redempti
1673 465 1737 492 su-

362 535 469 560 mus.
505 518 736 574 Diligamus
762 531 862 573 ergo
890 531 988 564 noe„
1012 531 1091 557 nec
1125 515 1254 556 verbo
1278 517 1449 556 fratrem
1474 515 1737 558 offendamus

361 586 523 627 doloso.
553 583 730 625 Dileclio
753 597 936 637 namque
960 589 1023 622 est
1044 581 1161 622 radix
1177 580 1364 621 omnium
1383 581 1610 628 virtutum,
1639 581 1733 637 quia

362 649 532 692 dilectio
568 658 630 691 est
653 649 849 690 charitas.
878 648 1011 694 Unde,
1039 656 1244 704 pereunte
1281 645 1450 694 radice,
1481 655 1659 703 pereunt
1695 656 1737 690 et

358 715 486 763 rami,
503 723 544 756 et
561 714 666 755 nihil
684 713 899 754 valuissset
917 713 1166 769 martyrium
1186 711 1274 753 sine
1287 711 1528 759 dilectione,
1548 712 1737 769 nihilque

358 795 484 822 omne
512 780 625 837 quod
643 780 778 836 agitur
801 779 890 819 sine
919 778 1134 819 charitatis
1159 777 1325 824 radice,
1353 776 1448 832 quia
1471 791 1596 819 omne
1623 779 1736 834 quod

356 847 404 889 fit
426 847 515 889 sine
548 847 799 893 dilectione,
826 845 998 886 omnino
1021 845 1227 902 perditur.
1261 843 1373 886 Nihil
1400 843 1616 901 Stephano
1657 860 1734 887 va—

356 913 500 955 luisset
522 911 773 967 martyrium
795 942 804 957 ,
828 910 935 951 nihil
951 910 1180 953 Laurentio
1204 919 1340 951 crates
1363 909 1425 966 (l)
1445 910 1579 951 ferrea
1595 942 1605 959 ‚
1632 910 1736 952 nihil

357 978 669 1021 Bartholomaeo
689 976 935 1017 decoriatio.
965 976 1078 1017 Deus
1098 983 1235 1017 autem
1259 975 1328 1031 qui
1356 976 1469 1032 prius
1485 990 1558 1017 nos
1573 975 1733 1024 dilexit,

356 1051 397 1085 et
421 1042 490 1099 qui
514 1057 588 1083 nos
612 1041 757 1083 docuit
777 1041 969 1082 inimicos
990 1041 1186 1098 diligere,
1220 1040 1351 1098 ipsam
1375 1041 1644 1082 dilectionem
1669 1041 1734 1082 in-

354 1109 502 1150 fundat
524 1107 723 1148 cordibus
747 1107 921 1153 nostris,
943 1114 988 1147 ut
1016 1121 1114 1148 eum
1138 1106 1343 1147 veraciter
1361 1120 1665 1163 agnoscamus,
1687 1115 1729 1148 et

355 1182 645 1232 agnoscentes,
671 1188 768 1214 eum
788 1173 993 1214 veraciter
1011 1173 1245 1230 diligamus.
1271 1172 1419 1213 Amen.

349 1326 855 1344 gxxmssmxmevvbwkwvsstmvkvm
866 1325 1732 1342 ,ἱὶιἏΥνΙ-ῑνννωὶνἋἏΛἉΛΜΚἉΜΜἉΛΜΜΜιΑΞΝᾺπ

815 1426 1022 1469 SERMO
1060 1426 1266 1469 LXXVI.

555 1540 607 1581 Iu
646 1535 767 1581 festo
804 1537 952 1581 sancti
989 1534 1188 1580 Joannis
1224 1535 1533 1596 evangelistae.

405 1661 568 1713 Sermo,
592 1664 663 1719 qus
680 1663 872 1718 sequitur,
890 1657 1032 1716 prodit
1061 1674 1114 1699 ex
1146 1657 1251 1700 Bibl.
1277 1657 1430 1707 AEclz'l.‚
1457 1659 1546 1702 cod.
1575 1672 1600 1701 x
1616 1661 1724 1717 ,foa

350 1732 403 1788 59
421 1763 432 1781 ,
460 1729 565 1771 uncle
594 1731 633 1769 [n
657 1728 924 1786 appendicem
953 1728 1147 1784 rejicitur.
1185 1726 1231 1767 In
1263 1731 1540 1785 manuscripto
1568 1728 1728 1770 titulum

346 1797 628 1851 lmhetsalsum
646 1830 655 1846 ‚
683 1812 826 1854 nempe
848 1796 898 1836 cle
919 1804 1063 1836 sancto
1086 1794 1248 1836 Ioanne
1267 1794 1460 1853 Baptista
1479 1828 1488 1846 ‚
1508 1811 1598 1837 cum
1621 1812 1727 1854 aga-

344 1878 411 1910 tur
431 1867 482 1909 <le
502 1874 647 1907 sancto
674 1864 836 1905 Ioanne
858 1863 899 1904 E
903 1862 1150 1921 vangelista.
1196 1863 1330 1904 Locus
1349 1865 1437 1920 ejus
1453 1872 1552 1922 post
1567 1879 1729 1923 proece-

347 1937 422 1978 den
429 1943 505 1976 tem
514 1966 523 1976 .

891 2032 995 2076 SYN
1003 2032 1170 2076 OPSIS.

395 2147 428 2185 Ι.
455 2144 547 2185 Non
577 2142 734 2182 habitat
756 2141 936 2181 Christus
969 2155 1062 2180 cum
1090 2140 1361 2182 fraudulentis
1389 2151 1427 2182 et
1453 2144 1644 2196 superbis.
1666 2145 1722 2188 ΙΙ.

340 2210 487 2249 Contra
500 2206 662 2246 eosdem
684 2205 754 2244 Dei
773 2204 962 2252 vindicta,
980 2218 1135 2243 necnon
1148 2213 1185 2242 et
1197 2204 1468 2246 humiliumac
1484 2207 1724 2260 simplicium

342 2270 541 2311 exaltatio.
578 2267 654 2309 Ill,
698 2266 859 2306 Joannis
884 2266 1094 2306 humilitas
1131 2268 1452 2318 commendatur,
1489 2284 1575 2322 quae
1600 2271 1725 2310 beatae

344 2334 482 2374 mortis
497 2333 575 2371 suit
594 2331 666 2382 ipsi
682 2344 808 2368 causa.
827 2329 895 2370 lV.
922 2329 1149 2368 Imitandus
1167 2329 1340 2370 Joannes
1357 2362 1365 2378 ‚
1387 2333 1500 2383 cujus
1516 2333 1724 2388 privilegia

344 2399 435 2450 ipsis
453 2395 563 2433 Petri
580 2391 800 2445 privilegiis
823 2392 935 2431 suere
956 2393 1124 2443 majora.
1158 2391 1208 2433 V.
1246 2393 1464 2443 Virginitas
1483 2396 1624 2436 amissa
1642 2411 1724 2437 non

342 2465 615 2509 recuperatur,
635 2454 728 2493 licet
745 2462 1005 2505 recuperetur
1026 2456 1164 2506 gratia.
1199 2454 1271 2496 VI.
1307 2455 1519 2509 Virginitas
1531 2459 1581 2498 sit
1597 2460 1725 2500 carnis

343 2530 382 2561 et
393 2518 552 2559 mentis,
573 2530 696 2569 quam
713 2516 897 2568 praedicat
916 2524 1072 2565 auctor,
1093 2517 1185 2557 licet
1198 2532 1285 2558 eam
1297 2519 1724 2562 alnise1·it.VII.Variae

340 2585 411 2624 Dei
429 2578 666 2620 vocationes.

389 2679 440 2724 (ι)
461 2676 542 2712 Cod.
560 2677 676 2719 gratis.
