1885 3284
364 293 424 337 66
769 309 802 337 s,
849 307 1091 337 meusium
1129 308 1331 336 Episcom

362 388 478 416 nunc
502 371 606 416 flexo
631 371 683 416 ad
725 371 852 433 pedes·
884 372 1014 417 latere
1072 390 1078 417 ι
1096 378 1106 428 {i
1140 373 1364 417 incurvata
1389 411 1399 427 ,
1438 390 1553 419 nunc
1578 374 1735 435 supino

364 444 405 488 in
425 454 586 501 tergum
616 442 760 504 capite
786 459 982 495 recurva,
1004 460 1102 489 cum
1133 443 1341 489 delicatos
1361 445 1496 496 sinus,
1518 455 1559 489 et
1578 454 1734 487 vestem

364 523 526 572 gereret
555 513 751 574 corporis
772 513 1047 558 creditricem
1075 513 1163 575 (9),
1202 531 1281 576 per
1305 515 1493 559 sublime
1520 512 1736 559 alternatis

366 584 560 629 brachiis
589 583 795 646 cymbala
822 602 953 630 rauca
989 585 1037 645 (3
1093 585 1401 631 circumferens
1425 622 1433 640 ,
1463 596 1503 630 et
1531 586 1603 630 vix
1643 584 1736 629 loco

363 665 517 710 staret,
548 655 612 699 vix
633 654 799 717 pedum
824 656 1012 715 vestigiis
1036 656 1269 701 inhaereret
1291 694 1300 704 .
1325 658 1738 719 incompositosjac-

362 738 452 772 tata
478 742 555 788 per
575 736 732 772 motus.
768 726 919 771 Infelix
944 726 1065 785 virgo
1084 764 1094 781 ,
1124 728 1272 773 insana
1295 727 1511 772 dementia
1536 743 1734 789 compre-

363 798 512 852 hensa,
535 806 577 841 et
596 807 739 841 mente
766 797 1012 842 insaniebat
1031 807 1072 842 et
1095 814 1296 861 corpore,
1318 815 1418 861 quae
1434 816 1520 843 non
1543 807 1739 857 ageretur

363 867 546 932 proprio
581 868 876 912 membrorum
900 867 1011 913 flexu
1037 905 1046 921 ,
1084 868 1155 913 sed
1185 868 1350 914 diaboli
1383 867 1740 914 circumferretur

359 939 585 984 instinctu.
617 938 755 982 Nemo
780 937 907 982 saltat
927 937 1124 992 sobrius,
1148 939 1229 983 nisi
1246 938 1358 984 forte
1381 938 1541 983 insanit
1557 939 1643 1001 (³4).
1670 939 1739 981 'tn-

361 1010 483 1056 finita
505 1007 767 1054 Herodiadis
785 1008 853 1070 (5)
873 1008 1007 1071 culpa
1027 1030 1036 1064 ;
1075 1010 1156 1054 nisi
1184 1009 1331 1055 furens
1348 1048 1358 1063 ,
1394 1010 1482 1055 filia
1500 1010 1634 1072 ipsius
1652 1025 1739 1053 non

360 1081 580 1146 placebat.
613 1079 789 1125 Exultat
814 1097 907 1134 rex3
932 1080 976 1125 in
994 1081 1179 1143 proprio
1203 1080 1416 1127 dedecore
1432 1080 1620 1127 laetatur.
1651 1078 1740 1124 Ubi

361 1152 607 1198 honestates
627 1150 771 1210 legum
791 1153 808 1195 ‘9
842 1151 918 1196 ubi
936 1152 1116 1214 pudoris
1134 1158 1236 1211 Jura
1251 1152 1525 1199 verecunda?
1554 1153 1605 1196 In
1630 1167 1739 1196 con-

362 1223 480 1269 vivio
505 1221 613 1281 regis
641 1220 814 1266 laudem
837 1232 1026 1267 meretur
1050 1222 1247 1268 omnium
1268 1222 1473 1268 vitiorum
1496 1239 1638 1267 comes
1669 1239 1741 1266 ex-

367 1305 500 1339 trema
523 1292 752 1342 exaltatio;
792 1291 940 1355 puella
978 1303 1069 1338 arte
1101 1310 1189 1338 non
1217 1293 1414 1357 placuit,
1446 1293 1519 1338 sed
1556 1292 1734 1337 furore:

363 1381 502 1427 neque
516 1363 631 1408 enim
648 1379 748 1407 usus
764 1379 841 1426 per
861 1363 978 1408 intus
1005 1363 1105 1425 (sic)
1122 1363 1262 1409 insani
1286 1374 1409 1409 tenax
1432 1363 1632 1426 promissi
1650 1379 1738 1418 rex,

361 1448 403 1482 et
421 1434 685 1481 conditionis
708 1434 965 1497 propositae,
988 1434 1091 1480 fidei
1111 1434 1352 1480 mercedem
1380 1436 1581 1494 abjurare
1594 1433 1743 1497 potuit

361 1505 590 1553 consilium
615 1505 877 1560 meretricis,
906 1516 1109 1567 tanquam
1146 1506 1178 1551 si
1204 1506 1405 1552 evaderet
1424 1506 1612 1560 crimen,
1640 1521 1739 1549 cum

362 1576 609 1625 abstulisset
623 1577 873 1622 necessariae
892 1577 1206 1639 increpationis
1225 1588 1447 1623 auctorem
1472 1577 1554 1639 ((3).
1573 1578 1741 1622 Aurum

360 1648 577 1695 luxuriosa
605 1647 727 1705 virgo
749 1664 836 1692 non
860 1647 1084 1709 postulat,
1109 1664 1212 1692 cum
1240 1647 1389 1710 utique
1411 1646 1563 1691 melius
1589 1646 1740 1693 convi-

360 1719 485 1766 viviis
507 1718 698 1781 paternis
722 1717 1023 1762 commendari
1045 1718 1195 1780 possit.
1244 1719 1415 1764 Ornata
1440 1717 1548 1762 dum
1575 1717 1705 1762 saltat
1725 1754 1737 1773 ,

361 1790 477 1838 nihil
489 1789 542 1835 de
559 1788 765 1834 omnibus
781 1826 791 1844 ,
818 1788 931 1834 nihil
949 1788 1003 1834 de
1021 1788 1306 1835 facultatibus
1333 1788 1623 1851 concupiscit.
1645 1789 1741 1833 Cu-

365 1862 595 1926 piditatem
620 1859 811 1905 avaritiae
835 1870 965 1922 atque
1005 1861 1220 1906 ambitum
1248 1860 1485 1924 puellarem
1507 1858 1742 1904 crudelitas

363 1933 472 1980 vicit
490 1969 500 1988 ,
531 1930 800 1976 transcendit
820 1930 1085 1976 immanitas.
1127 1931 1268 1991 Igitur
1293 1932 1339 1976 in
1363 1931 1545 1975 Joannis
1569 1939 1704 1992 caput
1726 1965 1736 1983 ,

366 2006 611 2051 humanum
630 2001 865 2047 insidiatur
882 2003 948 2066 (7)
983 2002 1029 2047 in
1060 2004 1315 2063 sanguinem
1334 2040 1344 2057 ,
1382 2018 1431 2046 eo
1456 2000 1575 2064 quod
1600 2001 1742 2060 gravis

365 2087 457 2122 erat
477 2073 657 2120 diabolo
682 2083 864 2118 metator
897 2073 1090 2130 Christi,
1136 2074 1403 2138 praedicator
1428 2073 1702 2137 poenitentiae
1726 2108 1736 2127 ,

365 2147 531 2213 petitor
556 2145 727 2190 incesti.
759 2143 974 2190 Malorum
1009 2155 1202 2191 veterum
1240 2146 1354 2191 fama
1377 2182 1387 2200 ,
1417 2161 1504 2189 non
1531 2142 1741 2188 emenda-

368 2221 484 2266 tione
509 2217 654 2279 aliqua
674 2216 955 2276 extinguitur,
981 2216 1053 2262 sed
1075 2217 1280 2262 atrociori
1301 2216 1457 2263 scelere
1475 2215 1738 2261 cumulatur.

366 2289 497 2338 Haud
515 2288 580 2352 (8)
604 2287 766 2333 invitus
787 2288 981 2334 Herodes
996 2289 1212 2335 consensit
1226 2289 1281 2334 ad
1302 2287 1612 2343 homicidium,
1636 2286 1740 2348 quia

411 2414 461 2461 (ι)
477 2416 553 2448 Cod.
576 2415 655 2445 male
664 2415 780 2459 flexos
794 2416 949 2457 (nipedes
967 2416 1096 2448 lateres.
1114 2434 1157 2439 —
1173 2415 1221 2460 (2)
1245 2414 1468 2453 Creditricem3
1488 2414 1568 2445 forte
1585 2413 1741 2443 reddicri—

365 2484 444 2507 cem.
464 2472 494 2502 id
511 2477 569 2511 esi,
583 2482 656 2511 qnoe
672 2470 816 2513 corporis
834 2471 948 2502 formas
967 2472 1156 2503 ostentando
1176 2471 1331 2502 reddebat
1347 2489 1390 2494 —
1405 2471 1459 2514 (3)
1476 2468 1554 2499 Cod.
1576 2480 1738 2500 meua.—

365 2528 413 2572 (4)
430 2529 531 2559 Cicer.
555 2525 586 2555 in
601 2528 693 2558 Orat.
714 2536 772 2567 pro
792 2530 928 2558 Murena
949 2537 956 2558 z
978 2529 1084 2558 Nemo
1093 2527 1168 2567 fere
1182 2527 1284 2557 saltat
1299 2526 1431 2563 sobrius,
1453 2525 1515 2555 m'si
1531 2525 1672 2556 insanus.
1695 2540 1739 2547 -—

365 2582 416 2630 (5)
437 2581 519 2614 Cod.
536 2581 615 2611 male
630 2579 823 2615 HerodiS.-
844 2579 892 2621 (6)
916 2579 966 2610 Sic
984 2580 1054 2610 cod.
1072 2579 1105 2610 iu
1119 2591 1182 2623 quo
1202 2581 1321 2625 aliquid
1339 2581 1514 2614 neces÷ario
1532 2579 1738 2613 desideratur.

367 2658 412 2666 ...-
427 2636 477 2686 (7)
494 2636 576 2672 Cod.
595 2635 755 2668 initiatur.
771 2651 817 2659 ——
837 2633 882 2680 (8)
903 2635 951 2669 Id.
974 2635 1055 2667 male
1073 2642 1130 2668 aut
