1885 3284
373 199 464 246 268
641 214 674 243 ⁵.
720 213 963 245 Auous'mm
1000 214 1199 244 Episcom
1240 213 1476 246 APPENDIX.

372 281 618 324 humoribus
654 289 930 338 occupatum,
974 280 1150 336 amplius
1189 281 1300 322 laedit
1321 312 1329 327 ,
1360 280 1489 337 magis
1523 295 1570 322 ac
1611 281 1742 338 magis

373 356 528 395 nocet,
554 357 595 389 et
615 348 779 389 nullum
816 355 981 403 praestat
1006 347 1225 393 auxilium„
1259 347 1312 388 ita
1342 356 1382 388 et
1406 348 1482 389 iste
1515 347 1744 404 spiritualis

373 412 492 455 cibus
508 446 517 459 .
542 413 574 453 si
597 413 775 468 aliquem
803 412 1004 469 repererit
1028 412 1283 466 malignitate
1303 413 1526 469 pollutum,
1549 413 1678 469 magis
1704 422 1745 454 et

373 478 545 521 omnino
578 478 725 526 obest,
756 494 879 534 quain
905 476 1085 534 proiicit.
1122 478 1229 519 Pura
1253 479 1304 519 sit
1322 494 1420 535 ergo
1444 487 1583 520 nostra
1611 478 1745 519 inten-

376 544 456 592 tio,
490 559 593 601 pura
629 544 680 586 sit
713 543 934 599 cogitatio,
960 559 1063 598 pura
1089 544 1140 585 sit
1166 553 1307 585 nostra
1332 545 1518 592 locutio,
1554 543 1662 585 sient
1704 553 1746 586 et

374 625 526 667 purum
556 618 618 651 est
651 608 918 651 sacrificinm.
951 608 1072 650 Solse
1100 610 1225 658 iram,
1257 611 1459 651 conculca
1487 610 1744 667 superbiam,

375 676 542 733 despice
582 675 816 724 luxuriam,
861 676 1024 731 depono
1054 676 1254 732 gloriam,
1302 675 1503 717 crubesce
1543 684 1718 732 peccata
1739 708 1748 723 ,

374 742 536 798 clepone
560 740 806 782 vestimenta
828 740 1014 787 curiosa,
1036 755 1207 797 asperge
1236 749 1363 797 caput
1384 740 1526 782 cinere
1543 773 1552 787 ‚
1574 740 1749 782 induere

374 821 522 851 sacco,
551 814 592 847 et
617 805 750 846 sancti
783 805 979 846 terribilis
1023 807 1273 846 sacramenti
1307 821 1455 847 arcana
1497 806 1745 853 considera;

375 871 592 913 considera
617 870 888 926 recipientem
914 869 1034 926 (1)et
1056 879 1295 928 receptum,
1323 871 1542 913 considera
1566 871 1752 928 parvissi—

374 952 490 980 mum
513 936 570 993 (2)
591 945 633 977 et
649 935 859 977 infinitum
877 968 886 983 ,
912 935 1130 978 considera
1153 945 1390 979 creaturam
1409 945 1449 979 et
1469 937 1712 979 Creatorem
1740 951 1749 977 ε

375 1003 553 1046 vocifera
579 1017 678 1059 ergo
702 1003 829 1044 corde
850 1010 891 1043 ct
914 1017 1009 1050 ore,
1031 1011 1072 1044 et
1094 1003 1159 1045 dic
1188 1019 1227 1044 z«
1247 1004 1439 1051 Domine,
1457 1019 1539 1046 uon
1556 1019 1647 1045 sum
1668 1003 1753 1060 dig-

374 1085 481 1113 »nus
503 1103 512 1123 ‚
532 1077 577 1110 ut
600 1069 729 1111 intres
751 1069 827 1110 sul)
853 1077 1014 1111 tectum
1039 1072 1264 1112 meum’.»

431 1136 502 1178 111.
540 1134 622 1176 Sed
650 1134 751 1176 dicit
774 1134 920 1177 unicus
949 1150 1078 1192 nepos
1103 1151 1220 1177 meus
1240 1135 1418 1177 Severus
1440 1135 1557 1177 :aAb
1580 1134 1752 1176 inimico

374 1202 588 1245 fraudatus
616 1215 733 1247 sum,
758 1202 1004 1243 vulneratus
1027 1217 1118 1243 sum
1137 1234 1148 1251 ‚
1179 1201 1340 1258 magnis
1363 1216 1429 1243 me
1457 1201 1647 1242 oneravit
1669 1200 1753 1243 dis-

373 1267 536 1326 pendiis
555 1283 594 1315 3¹³
629 1275 671 1308 et
700 1274 744 1307 ut
767 1266 880 1309 scitis
897 1282 1066 1317 omnes,
1091 1283 1239 1310 verum
1260 1268 1373 1310 dicit.
1395 1267 1593 1310 OSevere
1607 1267 1751 1316 frater,

375 1333 476 1390 quid
499 1332 633 1374 dicis?
656 1332 721 1374 An
746 1332 913 1389 ignoras
932 1366 942 1380 ,
974 1334 1088 1389 quod
1111 1332 1224 1375 Deus
1249 1333 1430 1375 animam
1453 1348 1570 1375 suam
1607 1347 1682 1389 pro
1715 1341 1755 1375 te

375 1397 516 1441 dedit?
538 1397 694 1439 Judaeis
716 1398 931 1456 pepercit,
953 1407 994 1440 et
1015 1407 1059 1439 tu
1086 1398 1253 1454 iniquus
1277 1399 1316 1440 in
1348 1399 1406 1440 ira
1430 1397 1659 1455 perduras?
1680 1397 1754 1440 Ille

373 1463 480 1507 mori
499 1478 573 1521 pro
598 1472 637 1505 te
661 1479 744 1505 non
769 1464 1004 1511 recusavit,
1029 1473 1070 1506 et
1094 1472 1138 1505 tu
1162 1464 1264 1505 iram
1290 1473 1403 1505 tuam
1418 1479 1493 1520 pro
1512 1472 1581 1505 tua
1604 1463 1753 1505 libera-

372 1529 487 1572 tione
507 1537 548 1570 et
569 1530 701 1570 saluto
718 1530 953 1570 concedere
977 1544 1058 1570 non
1079 1528 1293 1586 dignaris?
1315 1529 1528 1585 Numquid
1555 1537 1591 1569 te
1616 1528 1754 1570 crnci-

372 1594 462 1637 fixit
483 1625 494 1642 ,
518 1593 777 1635 sicutJudaei
797 1593 1043 1635 Christum?
1067 1595 1268 1636 Ellamcn
1289 1593 1358 1635 ille
1382 1592 1628 1641 crucifixus,
1652 1608 1750 1635 ver-

372 1662 568 1707 beratus,
606 1659 733 1716 spinis
766 1668 1014 1707 coronatus,
1057 1660 1189 1716 sputis
1234 1660 1468 1701 maculatus
1500 1659 1710 1701 clamabat
1738 1675 1747 1701 ε

382 1745 397 1764 (ι
418 1726 556 1773 Pater,
582 1724 751 1781 ignosce
777 1724 897 1766 illis-2.
915 1746 928 1762 υ
963 1725 1109 1767 Merito
1131 1739 1229 1782 ergo
1246 1758 1256 1773 ,
1300 1725 1446 1766 fratres
1467 1757 1476 1773 ,
1502 1723 1753 1765 reconcilia-

370 1793 497 1836 tionis
524 1806 647 1833 causa
666 1792 748 1833 hoc
772 1800 1083 1833 sacramentum
1109 1791 1347 1833 institutum
1370 1799 1453 1842 est,
1486 1799 1527 1832 et
1548 1790 1606 1846 (5)
1637 1789 1668 1830 si
1692 1805 1752 1831 sa-

372 1857 520 1902 crificii
543 1864 751 1914 praecepta
788 1857 1112 1914 contempseris,
1147 1856 1342 1899 sacrificii
1368 1855 1552 1897 remedia
1596 1855 1752 1897 sentire

371 1939 456 1967 non
476 1923 646 1981 poteris.
684 1922 783 1963 Ideo
811 1922 1001 1964 Salvator
1023 1921 1210 1970 advenit,
1237 1932 1281 1964 ut
1304 1922 1534 1963 humanam
1557 1929 1750 1962 naturam

371 2005 446 2049 per
467 1987 721 2030 sacrificium
740 1988 829 2030 Deo
848 1988 1155 2030 reconciliaret.

431 2054 501 2097 1V.
539 2053 625 2095 Sed
646 2052 773 2110 aliqui
795 2062 915 2099 sunt,
941 2053 1011 2110 qni
1031 2054 1083 2095 ad
1101 2051 1355 2094 sacrificium
1377 2052 1550 2094 Domini
1572 2066 1658 2092 non
1679 2065 1752 2093 ac-

372 2121 544 2165 cedunt.
571 2119 690 2162 Tales
716 2129 814 2162 sunt
834 2120 1072 2168 maledicti,
1111 2119 1181 2176 qui
1217 2119 1431 2161 declinant
1458 2133 1480 2159 a
1513 2116 1743 2159 mandatis·

371 2187 447 2232 Dei
467 2187 539 2242 (4).
567 2186 637 2228 Isti
661 2194 757 2228 sunt
777 2185 1048 2228 foeneratores
1064 2219 1074 2234 ‚
1101 2199 1280 2242 quornm
1299 2193 1417 2242 pater
1440 2183 1631 2225 diabolus
1655 2191 1718 2225 est
1737 2216 1747 2231 ,

372 2268 553 2311 quorum
578 2253 713 2295 anima
738 2252 976 2294 abominata
993 2260 1056 2294 est
1076 2252 1186 2294 hanc
1205 2266 1361 2297 escam,
1376 2249 1471 2306 quia
1494 2248 1577 2305 jam
1597 2263 1749 2306 appro-

372 2319 687 2378 pinquaverunt
703 2334 837 2376 usque
871 2319 922 2360 ad
942 2327 1082 2376 portas
1101 2316 1287 2360 mortis&
1300 2315 1471 2358 Talibus
1488 2315 1647 2358 Pascha
1663 2329 1747 2357 non

419 2406 567 2440 lMauh.
599 2417 668 2445 vm,
699 2407 729 2438 8.
757 2423 798 2430 -
828 2403 843 2426 ²
868 2408 944 2438 Luc.
968 2416 1066 2442 xxm.
1095 2409 1149 2443 34.
1170 2423 1210 2429 -
1229 2401 1244 2425 ³
1262 2403 1342 2435 Psal.
1371 2413 1493 2441 cxvm,
1513 2414 1569 2435 αι.
1589 2421 1636 2428 -
1660 2401 1673 2426 ⁴
1689 2403 1740 2437 Id.

372 2474 424 2496 ενι
438 2487 447 2502 ,
470 2466 525 2498 18.

418 2528 467 2571 (x)
489 2526 569 2561 cod.
587 2528 766 2571 recipiens;
785 2538 842 2560 nec
859 2527 952 2560 iterat
965 2534 1058 2561 antea
1072 2527 1257 2561 considera.
1279 2544 1322 2550 —-
1343 2521 1398 2571 (2)
1414 2523 1465 2556 1d.
1484 2523 1689 2559 altissimum,
1703 2539 1749 2548 -—

374 2583 423 2630 (3)
442 2584 492 2618 ld.
505 2593 551 2620 ue.
568 2603 609 2611 —
629 2582 680 2631 (4)
696 2583 744 2617 1d.
765 2585 911 2617 amantis
927 2585 1016 2619 vias.
