1885 3284
382 235 440 279 56
790 252 822 279 s.
871 251 1111 280 iners-rim
1155 250 1356 280 EPISCOPI

389 336 399 354 ³
421 315 511 359 fzdsi
544 314 673 373 regis,
696 315 768 360 scd
794 316 952 361 obedio
980 315 1119 363 Deo&
1150 337 1168 357 ›>
1187 326 1229 360 et
1249 325 1405 360 caetera
1431 332 1531 378 quae
1557 314 1750 361 audistis.

383 386 522 444 {gitur
560 395 601 428 et
643 385 719 429 iste
745 386 935 431 mundus
960 397 1001 431 et
1032 402 1170 448 purus
1200 386 1401 448 spiritum
1428 384 1623 431 tradidit.
1654 385 1759 430 Post

387 472 529 501 omnes
554 466 723 500 mortua
747 467 809 500 est
831 467 967 502 mater
987 493 996 509 ‚
1036 466 1209 501 mortua
1233 455 1278 500 in
1316 455 1482 500 mundo
1509 492 1519 510 ‚
1548 454 1623 500 sed
1651 454 1759 501 vivit

387 526 471 570 Deo
493 547 504 577 ;
532 541 619 569 non
639 525 752 570 enim
777 527 884 571 mori
904 526 1052 589 potuit
1072 563 1082 575 .
1107 542 1208 588 quae
1238 525 1350 570 filios
1385 541 1482 570 suos
1501 541 1583 587 pro
1615 541 1760 570 amore

385 596 459 640 Dei
485 596 743 656 martyrium
762 598 929 660 perpeti
950 597 1070 643 feeit.
1093 597 1257 642 Omnes
1279 596 1394 640 enim
1415 596 1571 640 vivunt
1586 595 1669 640 sub
1689 612 1758 642 ara

382 665 594 711 coelorum
615 703 625 719 ‚
651 667 753 728 quia
776 684 864 712 non
889 679 951 713 est
978 668 1090 712 Deus
1117 677 1386 712 mortuorum
1411 702 1422 719 ‚
1443 665 1514 711 sed
1541 665 1753 712 vivorum.

447 735 496 781 V.
538 736 648 794 Ergo
669 776 678 790 .,
708 736 860 783 fratros
882 776 891 793 ,
922 738 1090 801 antiqui
1102 737 1210 795 justi
1236 753 1317 799 pro
1332 735 1417 782 illis
1435 735 1595 783 divinis
1613 752 1760 782 sacra—

382 805 536 850 mentis
554 807 666 868 passi
695 819 808 853 sunt.
843 808 888 853 Si
920 819 1003 853 tres
1028 825 1186 871 pueros
1214 818 1256 853 et
1281 806 1505 852 Danielem
1531 805 1762 853 laudamus

380 886 422 921 et
444 875 740 938 praedicamus
762 914 770 932 ,
800 880 904 941 quia
926 878 980 924 de
1003 895 1145 923 mensa
1172 878 1282 938 regis
1306 877 1594 923 contaminari
1613 876 1761 922 noluc-

383 957 485 991 runt
504 983 513 998 ‚
532 947 563 990 si
583 946 686 991 istos
708 948 992 994 Machabaeos
1010 986 1020 1003 ‚
1043 948 1098 994 de
1115 949 1277 1012 quibus
1301 958 1419 993 tanta
1444 947 1580 993 locuti
1596 963 1760 1002 sumus,

381 1028 422 1063 et
439 1034 541 1062 cum
567 1017 733 1077 ingenti
757 1019 1046 1065 admiratione
1067 1030 1108 1064 et
1132 1019 1247 1064 fama
1276 1018 1538 1081 proferimus
1560 1054 1570 1072 ‚
1599 1019 1676 1080 qui
1697 1019 1763 1063 ci-

380 1089 486 1134 bum
515 1088 579 1133 vel
598 1105 736 1134 escam
758 1127 769 1145 ‚
797 1091 961 1153 quibus
985 1107 1102 1136 nunc
1125 1089 1368 1135 Christiani
1390 1089 1509 1135 licite
1542 1099 1727 1135 utuntur
1750 1126 1758 1137 .

380 1160 465 1223 ipsi
486 1160 685 1223 accipere
705 1161 943 1207 noluerunt
964 1200 974 1216 ‚
1001 1178 1078 1207 nos
1095 1178 1178 1224 pro
1205 1161 1383 1207 Christo
1403 1197 1413 1215 ‚
1443 1177 1522 1223 pro
1544 1160 1764 1222 baptismo

382 1230 582 1286 Christi,
615 1248 695 1293 pro
726 1233 991 1278 eucharistia
1014 1232 1180 1278 Christi
1204 1269 1214 1285 ,
1243 1242 1285 1277 et
1313 1248 1393 1294 pro
1417 1233 1538 1286 signo
1564 1230 1759 1277 Christi.

382 1317 481 1364 quae
499 1301 591 1364 pati
612 1312 686 1346 aut
705 1318 806 1365 quae
829 1303 1011 1348 tolerare
1029 1302 1275 1348 debemus?
1316 1301 1426 1347 Nam
1454 1303 1522 1363 (ι)
1553 1301 1641 1347 illae
1664 1300 1763 1347 fue-

380 1382 485 1416 runt
507 1373 817 1434 promissiones
844 1391 987 1419 rerum
1013 1372 1377 1435 complendarum
1400 1409 1411 1427 ‚
1436 1372 1535 1417 haec
1565 1382 1666 1418 sunt
1690 1371 1764 1418 in-

380 1443 496 1488 dicia
518 1442 859 1505 completarum.
887 1446 1014 1490 Tunc
1033 1445 1146 1489 enim
1167 1455 1259 1489 erat
1277 1443 1383 1488 fides
1400 1442 1573 1488 occulta
1593 1479 1604 1497 ‚
1634 1442 1764 1489 modo

383 1512 624 1559 manifesta.
659 1515 770 1559 Nam
791 1515 940 1560 eadem
961 1515 1201 1560 credebant
1221 1552 1231 1565 ,
1258 1513 1498 1576 eademque
1529 1513 1766 1576 sperabant

381 1601 529 1630 omnes
555 1585 694 1630 sancti
720 1596 761 1630 et
782 1586 905 1645 justi.
932 1587 1232 1632 Sustineamus
1249 1602 1349 1644 ergo
1371 1595 1411 1630 et
1436 1602 1511 1630 nos
1536 1621 1546 1639 ‚
1578 1583 1730 1630 fratres
1753 1624 1759 1633 .

381 1671 482 1718 quae
508 1654 570 1699 illi
592 1672 672 1718 pro
700 1660 792 1701 Deo
813 1658 1139 1713 sustinuerunt,
1163 1667 1494 1702 contemnamus
1529 1672 1628 1718 quae
1654 1672 1763 1702 con-

382 1736 679 1788 tempserunt,
731 1738 776 1772 ut
817 1745 916 1774 cum
952 1729 1056 1790 ipsis
1084 1727 1353 1791 accipiamus
1388 1727 1519 1772 vitam
1557 1737 1761 1773 aeternam

385 1812 516 1855 quam
545 1814 783 1860 speramus.

465 1927 480 1944 2
504 1915 610 1946 Maru
634 1928 689 1957 vu,
718 1918 776 1951 30.
802 1924 863 1951 etc,

432 1999 479 2037 (1)
497 1998 574 2029 Cod.
595 2010 677 2030 cum.
