1885 3284
384 213 471 267 114
785 224 819 252 s·
864 221 1107 253 Aucusrnu
1143 223 1346 254 Eptscopt

376 291 512 338 scalas
526 306 627 354 quae
647 287 830 334 facultas
849 287 940 332 est?
961 288 1016 334 Et
1035 288 1068 334 si
1088 288 1512 349 terrenisinJudieiis
1532 288 1643 334 bene
1664 287 1747 334 sibi

378 362 541 411 conscii
557 378 685 408 voces
706 371 748 406 et
763 360 905 406 ossicia
925 360 1078 406 timent
1099 361 1356 423 judicis(1)‚
1377 360 1485 424 quid
1504 360 1663 406 facient
1681 360 1749 423 (2)

376 445 627 501 peccatores
643 469 653 489 ‚
681 449 790 494 quos
816 431 1077 491 Angelorum
1109 444 1275 478 tantum
1298 444 1456 479 terrent
1475 443 1672 496 aspectus
1696 434 1716 477 ’9

444 507 526 551 111,
570 504 628 547 [ft
653 503 867 558 arbitror,
895 502 1046 548 fratres
1070 504 1181 559 mei,
1222 522 1310 550 non
1345 504 1663 550 indissonanter
1698 501 1752 548 de

377 578 461 624 hac
489 593 531 621 10
556 574 767 638 proposui
785 574 1157 636 comparationem
1175 612 1185 630 ,
1220 575 1292 620 sed
1309 575 1341 620 si
1361 576 1535 637 expavit
1557 573 1750 618 timendo

377 667 452 696 cor
472 659 667 694 nostrum
688 683 698 698 ,
720 646 890 691 festinet
912 646 1078 691 orando
1103 664 1148 693 os
1175 658 1372 692 nostrum
1396 667 1407 701 ;
1431 657 1472 691 et
1498 645 1617 709 quod
1649 645 1753 690 diu-

377 732 507 766 turno
536 717 753 765 commisit
771 717 1014 777 ignorantia
1035 757 1044 773 ‚
1066 719 1109 764 in
1129 729 1397 764 momentum
1421 717 1641 781 perdeleat
1657 733 1754 779 poe-

376 792 578 839 nitentia,
611 787 785 834 Credite
809 789 946 846 mihi,
975 789 1126 836 fratres
1143 829 1152 847 ,
1172 790 1383 854 siquidem
1408 807 1493 834 non
1518 788 1627 834 mihi
1656 805 1753 833 cre-

376 863 504 919 ditis,
531 860 604 907 sed
622 860 796 906 Domini
816 872 1043 923 praecepto
1068 861 1244 906 creditis
1261 898 1272 915 ‚
1311 860 1429 924 quod
1449 859 1644 906 audistis.
1675 859 1755 903 Ni-

377 933 612 979 nivitarum
637 930 829 994 populus
856 931 1032 976 vivebat
1066 931 1132 994 (53)
1169 931 1344 995 quidem
1368 968 1377 985 ‚
1415 931 1487 976 sed
1514 947 1600 975 non
1624 930 1749 975 bene.

383 1004 505 1051 Unde
537 1022 558 1049 a
590 1003 779 1049 Domino
802 1003 870 1064 (lt)
897 1002 1022 1049 Jouae
1042 1003 1277 1066 prophetae
1305 1002 1472 1048 dictum
1494 1013 1557 1047 est
1580 1019 1591 1046 z
1612 1000 1757 1046 «Vade

378 1098 399 1120 »
417 1076 470 1121 ad
497 1075 716 1120 civitatem
738 1090 938 1132 magnam
956 1111 966 1129 ‚
990 1084 1031 1118 et
1058 1074 1252 1137 praediea
1271 1074 1316 1118 in
1340 1091 1459 1129 eam,
1482 1073 1584 1136 quia
1606 1089 1756 1117 ascen-

379 1170 400 1191 »
418 1148 484 1193 dit
513 1146 679 1192 clamor
708 1143 892 1190 malitiae
914 1162 1065 1191 eorum
1086 1145 1141 1190 ad
1169 1143 1285 1190 me1.
1314 1166 1333 1187 »
1356 1145 1512 1190 Missus
1534 1155 1594 1189 est
1621 1143 1757 1189 veluti

375 1218 559 1265 humilis
582 1216 866 1280 praedicator‚
894 1226 936 1260 et
954 1216 1158 1261 inventus
1184 1227 1245 1261 est
1276 1215 1395 1261 velut
1419 1215 1623 1260 immanis
1647 1231 1758 1260 con-

377 1299 583 1352 temptor.
603 1287 759 1332 Ninive
773 1286 976 1343 mittitur,
993 1287 1471 1333 et'sliarsisinvenitur.
1484 1286 1760 1350 Contempsit

381 1360 619 1406 Dominum
645 1368 687 1403 et
706 1357 818 1417 fugit
841 1357 894 1403 ad
921 1375 1073 1404 navem
1094 1395 1104 1414 ,
1147 1359 1268 1422 quasi
1295 1359 1410 1404 Deus
1450 1358 1494 1404 in
1529 1375 1645 1403 mare
1672 1374 1760 1403 11011

376 1432 561 1478 liaberet
578 1439 850 1493 potestatem.
886 1429 1112 1489 Fugitivus
1136 1447 1238 1476 vero
1257 1429 1490 1487 dormiens,
1516 1440 1671 1493 utpote
1690 1446 1759 1475 se·-

379 1520 511 1549 curus
545 1500 770 1547 stertebat.
826 1500 1002 1546 «laetum
1049 1500 1247 1546 fecerunt
1282 1500 1479 1546 omnium
1517 1518 1716 1547 vasorum
1744 1537 1755 1557 ,

380 1591 481 1637 quae
506 1574 550 1619 111
577 1572 677 1618 navi
698 1582 834 1628 erant,
850 1582 891 1617 et
915 1588 956 1616 se
972 1571 1113 1617 miseri
1132 1582 1278 1618 nautae
1297 1572 1512 1635 perituros
1528 1571 1755 1631 lugebant.

382 1647 518 1705 Surge
535 1682 545 1700 ‚
567 1644 804 1706 inquiunt,
823 1642 1011 1688 sciamus
1032 1647 1157 1703 cujus
1178 1644 1393 1689 beneficio
1417 1644 1487 1706 (5)
1508 1644 1623 1689 mala
1648 1643 1762 1706 pati-

383 1734 494 1763 mur.
531 1716 657 1761 Sorte
679 1714 936 1777 publicatus
961 1732 1049 1760 non
1067 1717 1263 1774 negavit3
1299 1715 1373 1760 sed
1393 1732 1482 1761 suae
1502 1714 1647 1778 culpae
1671 1715 1762 1778 ipse

381 1788 465 1834 sibi
483 1786 740 1832 sententiam
758 1785 966 1832 firmavit.
999 1808 1020 1827 (ι
1036 1786 1219 1842 Tollite,
1242 1786 1416 1849 inquit,
1440 1797 1483 1831 et
1503 1786 1659 1831 mittite
1695 1803 1762 1831 me

384 1880 404 1901 n
423 1859 468 1904 in
488 1874 605 1903 mare
623 1892 634 1909 ‚
664 1867 706 1900 et
722 1856 946 1901 sedabitur
965 1867 1198 1919 tempestas
1213 1875 1236 1902 a
1254 1857 1379 1902 vobis
1393 1859 1426 1903 ².
1450 1878 1471 1898 »
1491 1857 1761 1920 Prophetain

383 1929 611 1976 desursum
631 1937 764 1972 nauta
791 1926 857 1988 (o)
883 1926 1068 1988 projecit
1089 1963 1099 1982 ,
1127 1937 1168 1972 et
1199 1937 1318 1973 cetus
1342 1944 1439 1973 eum
1464 1927 1665 1973 deorsum
1688 1945 1763 1972 ex-

382 2001 515 2065 cepit.
544 1999 712 2045 Piscem
735 1997 895 2042 habuit
922 1997 963 2042 in
996 2015 1108 2061 aqua
1128 1999 1373 2053 tumulum,
1397 2016 1528 2063 quem
1559 1999 1764 2062 imputri-

382 2072 517 2118 bilem
542 2067 780 2115 custodivit
804 2068 847 2113 in
870 2067 1084 2115 triduum.
1119 2070 1183 2114 lta
1218 2080 1264 2114 ut
1288 2070 1481 2133 suscepit
1506 2071 1724 2130 integrum
1748 2107 1758 2126 ‚

383 2145 443 2189 ita
467 2142 615 2201 rejecit
637 2140 978 2186 illaemmssunc
993 2140 1125 2186 Jonas
1143 2141 1262 2204 quod
1281 2142 1425 2205 primo
1444 2141 1763 2187 contemnendo

386 2232 474 2260 non
500 2213 630 2266 fecit,
667 2222 814 2275 postea
839 2211 1062 2257 audiendo
1099 2213 1293 2276 persevit:
1321 2212 1487 2259 Deinde
1510 2213 1702 2276 populus
1722 2224 1765 2258 et

386 2285 538 2331 civitas
565 2283 720 2343 agebat
742 2283 1047 2346 poenitentiam
1072 2300 1172 2329 cum
1196 2284 1426 2348 lacrymis,
1463 2295 1504 2330 et
1538 2285 1670 2330 Jonas
1709 2283 1762 2330 de

384 2355 626 2419 longinquo
651 2355 909 2418 expectabat
932 2354 1156 2401 interitum
1182 2355 1385 2404 civitatis.
1414 2357 1563 2416 Ignem
1584 2356 1762 2402 missum

435 2465 443 2486 ¹
462 2466 541 2495 Jon.
566 2475 594 2501 1,
611 2462 821 2497 2.—21bxd.
844 2476 896 2498 12,

431 2539 481 2579 (ι)
499 2537 579 2571 Cod.
606 2545 727 2570 terreat
751 2537 886 2568 habitus.
906 2555 951 2561 ·—-
978 2538 1023 2582 (α)
1054 2538 1104 2572 Id.
1117 2539 1258 2577 faciunt.
1277 2557 1324 2564 —-
1341 2539 1387 2582 (3)
1409 2539 1456 2572 Id.
1471 2540 1637 2574 vivebant.
1651 2558 1695 2566 -—
1714 2540 1761 2585 (4)

387 2595 436 2629 Id,
454 2593 604 2626 docendo
625 2593 813 2627 Dominum.
827 2610 873 2616 —
893 2593 939 2636 (5)
958 2595 1005 2628 Id.
1024 2595 1179 2638 beneficii.
1197 2613 1242 2620 —-
1260 2595 1305 2640 (6)
1324 2599 1419 2630 Deest
1435 2597 1581 2630 maalain
1604 2598 1675 2632 cod.
