1885 3284
351 293 433 339 130
748 311 783 340 s.
826 310 1068 342 AUGUSTiNl
1105 311 1311 344 EPISCOPI

337 502 393 512 εει
401 502 456 512 §n
464 502 643 513 usnnx-sn
651 503 960 514 §sumsunzms
968 503 1516 519 ›zsmfflmwsmmmw
1530 508 1713 519 »assu-Am

795 656 1001 699 SERMO
1038 654 1244 700 XCVIII.

603 779 709 823 Sive
743 779 906 824 Oratio
937 778 996 824 de
1030 780 1211 842 Spiritu
1246 789 1428 825 sancto,

390 917 431 958 E
435 922 568 959 ruitur
582 918 669 960 leoec
690 923 823 960 oratio
855 920 1134 977 pulcherrima
1150 953 1161 971 ‚
1201 937 1326 980 quam
1343 922 1513 977 frustra
1536 923 1710 978 quaesivi

326 985 632 1042 (z'pzcdsanctztm
645 988 933 1045 Aagzestc'mtm,
945 1005 998 1030 ex
1008 988 1129 1030 Bz'blz‘.
1145 988 1397 1048 stlaglz'abec.
1409 1021 1420 1038 ‚
1433 988 1522 1030 cod.
1538 1002 1701 1037 Lxxxw,

309 1053 398 1108 jol.
433 1055 503 1110 75,
530 1054 598 1095 uba·
621 1070 766 1095 nomen
795 1054 918 1096 habet
944 1055 1057 1097 beati
1084 1055 1287 1098 Doctorc's.
1329 1057 1459 1099 Locus
1488 1057 1578 1109 ejus
1608 1064 1707 1112 post

326 1121 458 1162 Serm.
483 1122 693 1165 Benedeet.
722 1137 900 1166 cetxxn.

867 1267 1148 1312 SYNOPSIS.

370 1381 404 1420 l.
426 1380 699 1420 Misericordis
718 1381 890 1432 Spiriuis
905 1383 1120 1422 invocatio.
1144 1383 1198 1424 II.
1222 1382 1416 1434 Ejusdem
1435 1384 1696 1424 continuatio.

313 1442 391 1483 III.
424 1444 578 1482 Precari
593 1444 724 1495 pergit
742 1443 1078 1496 benignissimum
1100 1445 1312 1496 Spiritum.

380 1579 418 1624 I.
453 1579 576 1625 DEUS
598 1596 744 1637 meus,
769 1579 962 1643 Spiritus
986 1591 1134 1626 sancte
1152 1616 1164 1636 ‚
1190 1579 1323 1626 timeo
1339 1589 1382 1625 et
1404 1578 1603 1625 desidero
1627 1579 1698 1626 lo-

314 1650 460 1711 quide
483 1659 524 1694 te
546 1667 627 1713 pro
652 1667 743 1704 me,
771 1650 876 1714 quia
901 1650 954 1696 de
991 1667 1087 1696 meo
1108 1667 1198 1697 non
1231 1650 1378 1695 habeo
1405 1649 1513 1713 quid
1542 1649 1698 1713 loquar

313 1719 367 1765 de
386 1730 448 1773 te3
474 1721 642 1784 etquid
670 1720 843 1784 loquar,
868 1722 950 1767 nisi
978 1731 1021 1767 tu
1047 1721 1218 1767 dederis
1242 1720 1355 1766 mihi
1374 1730 1416 1766 te
1436 1756 1448 1775 ,
1472 1730 1519 1765 ut
1541 1720 1625 1765 tibi
1643 1720 1697 1767 de

312 1802 354 1836 te
371 1790 565 1855 loquaris
584 1809 664 1855 pro
682 1809 750 1837 me
772 1793 819 1838 in
832 1796 934 1838 me?
962 1794 1028 1838 Da
1046 1809 1146 1852 ergo
1168 1792 1281 1838 mihi
1302 1803 1342 1838 te
1364 1793 1413 1837 in
1438 1791 1663 1854 principio
1681 1828 1692 1848 ‚

310 1861 444 1908 dator
467 1864 632 1925 optime
654 1899 664 1917 ‚
688 1873 730 1907 et
750 1862 915 1909 donum
932 1863 1171 1926 optimum,
1194 1862 1298 1925 quia
1315 1873 1531 1926 quantum
1557 1861 1612 1907 ad
1628 1873 1690 1918 te,

312 1945 360 1980 tu
380 1950 498 1979 meus
515 1951 581 1989 es3
603 1950 682 1980 nec
711 1945 852 1998 potest
876 1934 1044 1998 aliquid
1068 1951 1211 1980 meum
1237 1951 1324 1980 esse
1341 1970 1353 1990 ‚
1373 1949 1454 1979 nec
1473 1948 1550 1993 ego
1574 1949 1694 1979 meus

308 2022 406 2058 ero,
431 2005 513 2051 nisi
531 2006 653 2068 prius
680 2017 726 2051 tu
747 2023 868 2052 meus
888 2006 1036 2053 fueris.
1079 2006 1181 2051 Esto
1208 2021 1356 2059 meus,
1388 2004 1492 2067 quia
1522 2004 1584 2050 sic
1618 2021 1693 2050 ero

309 2092 431 2122 meus
447 2076 561 2122 etsie
580 2087 695 2123 tuus.
719 2076 764 2122 Si
783 2094 884 2123 vero
899 2093 988 2122 non
1002 2094 1045 2123 es
1058 2092 1197 2129 meus,
1217 2075 1280 2122 nil
1293 2091 1439 2120 meum
1458 2085 1534 2121 est.
1554 2076 1590 2120 A
1602 2091 1692 2138 quo

309 2164 410 2207 ergo
428 2164 570 2193 emam
593 2158 651 2204 te,
668 2158 743 2193 aut
761 2148 1031 2211 comparabo
1050 2150 1068 2193 Ρ
1085 2145 1238 2202 Nullo,
1256 2146 1341 2191 nisi
1354 2163 1376 2192 a
1391 2155 1445 2192 te.
1467 2147 1503 2191 A
1522 2161 1690 2192 necesse

307 2230 369 2264 est
396 2218 529 2278 igitur
549 2228 598 2263 ut
616 2217 691 2264 des
712 2218 823 2264 mihi
844 2229 883 2264 te
901 2255 912 2274 ,
931 2228 1037 2265 utet
1057 2228 1095 2264 te
1116 2217 1277 2280 possim
1292 2232 1432 2262 emere
1453 2233 1476 2261 a
1493 2226 1548 2261 te.
1570 2216 1690 2261 Prae-

307 2289 406 2334 veni
426 2288 561 2348 igitur
579 2305 648 2334 me
666 2326 678 2345 ‚
707 2300 750 2334 et
769 2305 972 2352 praepara
991 2305 1060 2335 me
1074 2287 1129 2334 ad
1149 2286 1453 2351 recipiendum
1470 2297 1511 2332 te
1528 2322 1539 2344 ‚
1563 2297 1606 2332 et
1622 2303 1687 2332 re-

307 2371 462 2423 ceptus
486 2359 665 2422 loquere
705 2360 786 2406 tibi
810 2376 892 2423 pro
916 2376 986 2406 me
1008 2371 1050 2405 et
1075 2358 1179 2406 audi
1203 2359 1250 2404 in
1276 2375 1359 2405 me.
1401 2358 1464 2403 Te
1501 2374 1586 2420 pro
1617 2373 1686 2402 me

308 2430 411 2476 audi
431 2467 440 2484 ,
465 2430 775 2490 benignissime
789 2468 801 2487 ‚
829 2430 934 2476 audi
955 2429 1084 2476 semel
1102 2440 1144 2476 et
1167 2447 1221 2475 ne
1242 2428 1459 2475 irascaris.
1473 2427 1583 2474 Vide
1596 2444 1684 2492 quo

306 2501 465 2565 spiritu
484 2500 642 2564 loquar
658 2539 668 2557 ‚
701 2501 805 2565 quia
827 2517 905 2561 ego
932 2501 1076 2548 nescio
1091 2537 1103 2557 ,
1128 2499 1202 2546 sed
1234 2500 1345 2546 bene
1363 2498 1451 2544 scio
1472 2498 1593 2561 quod
1619 2498 1684 2544 lo-

307 2572 382 2636 qui
408 2589 494 2617 non
522 2588 698 2634 possum
717 2609 727 2627 ‚
754 2572 836 2618 nisi
862 2583 910 2618 tu
930 2572 1017 2618 des.
1043 2571 1205 2618 Recolo
1232 2569 1354 2635 quod
1378 2580 1425 2616 tu
1445 2567 1682 2633 aliquando

306 2642 556 2689 adulterum
578 2653 620 2689 et
639 2641 910 2690 homicidam
929 2642 1109 2704 tetigisti
1125 2679 1137 2701 ‚
1164 2651 1206 2688 et
1229 2640 1502 2706 psalmistam
1535 2650 1582 2687 tu
1614 2639 1677 2687 fe-
