1868 3301
277 292 371 354 376
545 308 579 336 s.
626 306 866 338 Anecs‘rmi
905 309 1107 340 Eriscom
1149 312 1384 343 APPEme.

279 373 328 414 tis
354 374 559 414 creaturis
583 372 708 415 hodie
738 374 1045 431 magnificaris,
1072 378 1170 433 quia
1197 378 1235 419 in
1265 387 1326 426 te,
1354 380 1404 420 de
1427 389 1492 426 te,
1519 388 1561 422 et
1576 393 1650 431 per

277 447 340 485 te,
360 437 566 494 quidquid
590 438 689 479 boni
712 441 947 496 recepimus
970 451 1010 483 et
1036 444 1244 498 recepturi
1269 459 1434 492 sumus,
1463 445 1649 502 recipere

277 503 566 560 cognovimus.
607 503 668 544 Tu
708 519 827 559 ergo,
870 506 1022 553 Maria,
1056 509 1140 548 sola
1166 519 1337 564 patrona
1371 510 1542 551 humani
1578 524 1650 566 gu-

278 567 413 615 neris,
452 578 494 608 tu
535 567 698 610 afflictis
722 571 883 611 medica
920 572 1162 628 singularis,
1190 583 1233 614 tu
1253 575 1447 615 desolatis
1465 583 1599 616 mater
1614 584 1656 616 et

275 633 562 690 refrigerium,
592 641 635 673 tu
665 635 704 674 in
728 650 842 676 mare
868 638 1161 693 navigantibus
1193 641 1302 680 salus
1324 648 1365 681 et
1387 640 1622 681 remedium
1639 673 1648 688 ,

277 710 320 740 tu
340 700 557 740 viduarum
584 701 759 741 maritus
788 710 829 742 et
852 704 1080 760 refugium,
1116 715 1156 746 tu
1192 707 1403 747 latronum
1438 708 1560 748 dulce
1582 722 1652 748 re-

273 765 565 822 ceptaculum.
599 775 641 807 tu
681 767 997 823 desperatorum
1027 771 1096 811 lux
1129 782 1168 811 et
1201 773 1563 821 sustentaculum,
1609 781 1652 813 tu

273 830 570 872 defunctorum
596 830 795 872 advocata
821 842 861 874 et
881 836 1081 889 pabulum
1098 866 1110 885 ‚
1148 845 1191 877 tu
1234 836 1574 879 patriarcharum
1613 846 1655 879 et

269 895 578 953 Prophetarum
610 911 734 938 suave
768 899 1035 948 convivium,
1075 910 1117 942 tu
1149 902 1446 958 Apostolorum
1490 903 1570 944 vita
1613 912 1655 944 et

270 963 578 1018 spectaculum,
606 970 649 1003 tu
674 963 978 1007 Confessorum
1000 967 1197 1023 magistra
1224 977 1265 1008 et
1285 968 1333 1009 ab
1356 976 1458 1009 aestu
1482 968 1652 1009 umbra-

269 1029 439 1074 culum,
481 1035 526 1068 tu
567 1027 785 1083 Virginum
833 1032 1002 1073 domina
1043 1042 1084 1073 et
1117 1048 1259 1075 varum
1300 1035 1651 1075 sustentaculum.

268 1093 395 1149 Ergo,
427 1093 548 1150 Virgo
575 1095 926 1149 prudentissima,
954 1097 1080 1139 hodie
1097 1098 1318 1140 benedicta
1345 1108 1386 1140 ct
1409 1098 1656 1140 venerabilis

268 1158 509 1215 praedicaris
549 1159 589 1199 in
627 1168 696 1201 tua
737 1161 918 1202 mirabili
956 1163 1270 1220 Assumptione.
1316 1163 1545 1206 Benedicta
1591 1164 1650 1218 (ι)

271 1225 407 1267 anima
422 1226 768 1268 tuasanctissima
784 1227 909 1269 simul
923 1229 1147 1271 unitacum
1168 1230 1396 1271 venerabili
1415 1244 1594 1286 corpore
1607 1229 1656 1271 ab

269 1291 467 1332 omnibus
499 1292 844 1348 generationibus
877 1303 919 1335 et
952 1310 1079 1351 super
1116 1310 1265 1337 omnes
1295 1296 1588 1352 generationes
1617 1294 1658 1335 in

271 1365 478 1398 {eternum
503 1361 544 1398 et
566 1358 689 1399 ultra.

330 1421 398 1464 IV.
438 1422 519 1464 Nos
553 1438 676 1480 ergO,
713 1424 975 1467 dilectissimi
1018 1426 1193 1475 fratres,
1226 1427 1295 1483 qui
1339 1427 1398 1482 (2)
1434 1442 1587 1468 nomen
1617 1435 1659 1467 et

273 1488 465 1529 habitum
501 1498 654 1530 sanctae
691 1490 887 1547 religonis
928 1501 1119 1548 patenter
1160 1501 1402 1549 portamus,
1444 1492 1658 1533 videamus

273 1555 489 1609 quomodo
523 1563 645 1595 caute
684 1556 1001 1603 ambulemus¹;
1034 1572 1129 1598 nam
1168 1566 1278 1598 totus
1301 1557 1484 1598 mundus
1510 1557 1549 1597 in
1573 1571 1659 1597 ma-

273 1619 389 1675 ligno
415 1619 572 1674 positus
596 1618 702 1666 est²,
731 1630 771 1661 et
796 1622 1057 1662 adversarius
1081 1631 1224 1663 noster
1247 1622 1437 1663 diabolus
1461 1622 1543 1676 jam
1567 1636 1660 1678 reg-

275 1699 377 1725 nare
408 1684 449 1725 in
472 1686 632 1726 mundo
665 1686 843 1733 videtur,
880 1687 1054 1743 cupiens
1088 1703 1160 1728 nos
1195 1688 1399 1728 seducere
1423 1696 1464 1727 et
1495 1687 1660 1728 trahere

277 1750 328 1791 ad
356 1765 399 1790 se
421 1781 429 1796 ‚
468 1764 581 1791 nunc
605 1751 915 1806 superbiendo,
955 1767 1068 1793 nunc
1107 1753 1382 1799 luxuriando,
1409 1766 1520 1792 nunc
1555 1751 1661 1792 invi-

278 1816 442 1865 dendo,
475 1831 587 1856 nunc
623 1818 910 1866 detrahendo,
953 1834 1067 1860 nunc
1101 1819 1226 1860 etiam
1266 1819 1517 1875 cogitando,
1549 1831 1660 1858 nunc

278 1882 404 1923 etiam
427 1883 732 1924 consentiendo
750 1917 758 1930 ,
783 1898 894 1924 nunc
922 1893 963 1924 et
985 1886 1200 1940 operando
1223 1884 1468 1924 subvertere
1493 1897 1567 1923 nos
1587 1896 1659 1923 co—

279 1956 420 1989 natur.
462 1947 543 1989 Nos
584 1963 705 1995 vero,
742 1948 841 1989 dum
881 1949 970 1990 haec
1010 1950 1149 1990 onmia
1175 1950 1373 2006 patimur,
1400 1950 1450 1989 ad
1482 1947 1660 1988 Mariam

281 2027 502 2053 recurrere
519 2027 601 2053 non
624 2012 879 2055 differamus.
897 2014 1033 2055 Habet
1050 2015 1161 2055 enim
1182 2015 1364 2071 gladium
1387 2014 1448 2054 bis
1469 2022 1657 2058 acutum,

284 2090 330 2119 ut
352 2093 428 2118 nos
456 2078 506 2118 ab
530 2077 650 2119 hoste
678 2079 860 2135 maligno
893 2088 975 2120 tam
1008 2081 1091 2121 cito
1118 2080 1328 2121 defendat.
1359 2078 1516 2120 Cavcre
1540 2078 1661 2118 deni-

284 2159 366 2201 que
399 2159 562 2185 summe
595 2145 824 2193 debemus,
861 2161 912 2186 ne
951 2146 1217 2187 occasionem
1257 2144 1460 2201 peccandi
1493 2144 1662 2184 diabolo

286 2214 447 2253 demus.
474 2209 575 2251 Nam
598 2210 691 2251 ideo
709 2212 1198 2265 mundumreliquimus,
1215 2211 1308 2252 etin
1331 2210 1407 2251 hac
1431 2217 1541 2250 vasta
1564 2209 1662 2249 soli-

287 2276 433 2318 tudine
452 2275 715 2323 habitamus,
742 2286 787 2318 ut
808 2285 980 2333 peccata
998 2277 1145 2318 fortius
1171 2278 1300 2318 vitare
1323 2276 1540 2332 possimus.
1568 2274 1661 2316 Non

285 2343 399 2383 enim
428 2341 582 2383 sufficit
605 2351 769 2383 tantum
804 2342 1019 2383 soeminam
1057 2358 1140 2383 non
1178 2343 1343 2389 videre,
1374 2341 1446 2382 sed
1468 2339 1661 2381 soemina-

286 2423 378 2450 rum
408 2407 651 2448 memoriam
674 2423 692 2448 a
714 2407 841 2450 corde
866 2409 1032 2465 penitus
1052 2409 1268 2450 cradicare
1291 2408 1509 2449 debemus.
1531 2405 1664 2447 Sanc-

340 2520 485 2564 ²Ephes.
507 2531 535 2558 v,
561 2522 672 2551 15.—
696 2519 710 2541 ‘²
734 2533 744 2551 1
768 2523 869 2552 Joan.
893 2531 922 2557 v,
943 2532 995 2561 19.

333 2602 384 2650 (x)
404 2604 499 2634 Deest
512 2613 571 2635 vox
590 2601 761 2634 benedicta
778 2602 810 2633 in
827 2602 897 2636 cod.
917 2620 958 2625 -
983 2601 1035 2646 (α)
1054 2603 1149 2634 Deest
1165 2601 1223 2642 qui
1241 2601 1272 2632 in
1292 2600 1365 2632 cod.
