1885 3284
329 280 472 313 sEmuo
508 283 662 322 xxxw,
704 284 749 313 m·
787 282 923 313 cosNA
961 280 1122 311 nomm
1163 282 1191 310 1.
1377 266 1463 329 173

91 348 393 405 redemptionis
414 359 578 389 nostrie.
603 348 661 389 Ex
685 350 770 389 sola
795 348 905 388 «nim
938 347 1164 388 dilectione
1189 346 1363 386 salvavit
1386 361 1460 388 nos

91 413 293 455 Christus.
330 431 345 449 α
358 415 463 454 Deus
485 413 596 453 enim
620 414 690 468 qui
721 415 832 454 dives
859 421 921 453 est
955 427 1027 468 per
1049 412 1189 452 omnia
1212 420 1380 467 propter
1405 412 1462 451 ni—

89 498 104 518 »
120 480 249 520 miain
273 478 547 526 charitatem,
568 493 649 533 qua
672 479 816 520 dilexit
839 493 913 518 nos
930 511 938 527 ,
977 492 1071 518 cum
1100 492 1285 518 essemus
1309 478 1463 517 mortui

89 562 104 582 n
119 544 324 600 peccatis,
351 542 577 584 vivificavit
593 558 691 590 nos;
708 544 836 599 gratia
856 542 966 584 enini
982 542 1072 596 ejus
1083 543 1224 583 salvati
1244 541 1406 582 sumus¹
1420 560 1452 582 ,υ

89 609 233 665 ltaque
260 627 275 647 «ι
294 611 399 651 Cum
424 609 582 652 inimici
605 625 815 658 essemus,
840 625 982 650 sumus
1007 608 1264 649 reconciliati
1290 608 1376 649 Deo
1392 623 1464 663 per

87 679 295 715 »mortem
321 673 454 729 ejus².
504 674 703 730 Maiorem
729 675 838 715 lianc
863 674 1134 715 dilectionem
1159 688 1282 714 nemo
1308 673 1434 714 habet
1451 705 1461 720 ,

90 748 163 781 »ut
188 740 367 781 animam
395 754 511 780 suam
534 750 661 796 ponat
689 741 779 796 quis
808 755 880 797 pro
905 740 1048 781 amicis
1082 738 1209 786 snis³;
1236 748 1462 780 »ettamen

89 804 281 846 Christus
299 804 503 859 majorem
527 805 696 852 habuit,
722 806 817 861 quia
845 806 912 861 (ι)
938 820 1033 846 cum
1061 804 1198 846 adhuc
1224 803 1377 844 infirmi
1398 819 1461 844 es-

88 885 226 911 semus
241 902 253 918 ,
280 869 537 911 reconciliati
559 886 702 911 sumus
718 870 805 911 Deo
831 886 903 926 per
920 879 1099 911 mortem
1118 869 1207 924 ejus
1225 901 1233 915 ,
1249 877 1289 909 et
1308 869 1364 909 sic
1389 883 1464 924 pro

89 934 225 991 impiis
252 943 442 990 tempore
473 936 531 990 (2)
559 944 750 977 mortuus
780 945 855 977 est.
888 936 1003 976 lianc
1037 934 1305 976 dilectionem
1341 948 1463 974 nemo

89 1001 192 1042 alius
209 999 358 1044 habet.
384 1008 430 1040 ut
453 1016 528 1057 pro
552 1001 731 1042 inimicis
758 1002 972 1043 moriatur.
1005 1002 1109 1052 Quis
1141 1001 1252 1042 enim
1277 999 1465 1040 fidelium

89 1065 214 1107 audet
237 1079 312 1120 pro
336 1065 447 1105 bono
472 1065 628 1121 aliquid
656 1067 750 1106 mali
777 1066 890 1122 pati?
926 1065 1018 1122 quis
1047 1075 1194 1122 sponte
1233 1066 1357 1106 hodie
1381 1064 1462 1105 ini-

89 1131 199 1173 mico
222 1131 388 1187 parcit?
412 1132 502 1186 quis
523 1134 681 1189 alapam
710 1132 879 1173 inimico
915 1147 996 1172 non
1021 1132 1079 1188 (5)
1106 1139 1308 1188 praeparat
1331 1130 1348 1170 P
1374 1130 1464 1185 quis

89 1197 263 1237 verbum
289 1195 537 1252 injuriosum
561 1197 765 1239 sustinet?
782 1199 873 1254 quis
899 1197 1158 1239 debitoribus
1189 1197 1321 1253 parcit
1338 1196 1354 1236 ἰ’
1372 1196 1466 1252 quis

90 1275 165 1318 pro
202 1260 367 1301 Christo
404 1260 529 1302 hodie
563 1262 718 1303 audet?
750 1262 787 1304 O
812 1263 982 1309 fratres,
1025 1262 1093 1302 ubi
1127 1261 1464 1302 patriarcharum

90 1324 303 1367 charitas?
319 1325 389 1366 ubi
409 1325 534 1367 hodie
550 1327 855 1384 Prophetarum
872 1326 1211 1382 reprehensionis
1224 1324 1467 1366 assiduitas?

92 1391 163 1432 ubi
187 1391 485 1446 Apostolorum
511 1390 630 1433 labor
666 1401 708 1433 ct
738 1392 986 1433 mendicitas
1013 1391 1101 1446 (2.ss
1137 1390 1207 1430 ubi
1230 1390 1465 1446 Martyrum

91 1455 296 1499 aviditas?
333 1456 405 1497 ubi
443 1456 740 1498 consessorum
777 1465 819 1498 et
846 1456 1064 1512 Virginum
1092 1456 1402 1512 perseverantia
1424 1463 1467 1496 et

91 1519 416 1577 longanimitas?
447 1521 518 1561 ubi
548 1530 786 1562 sanctarum
827 1521 1125 1562 Monacharnm
1163 1528 1204 1560 et
1236 1518 1466 1560 Viduarum

91 1588 330 1628 orationum
353 1594 396 1627 et
416 1587 781 1643 eleemosynarum
807 1584 1011 1626 firmitas?
1033 1585 1123 1626 Non
1151 1593 1212 1625 est
1242 1584 1367 1625 hodie
1389 1599 1469 1641 pax

92 1653 258 1693 interra
283 1659 449 1699 nostra3
474 1667 557 1692 non
579 1661 641 1694 est
663 1652 745 1707 jam
763 1652 889 1693 hodie
912 1651 951 1692 in
972 1659 1081 1692 terra
1101 1649 1171 1706 qui
1194 1649 1302 1690 bene
1325 1650 1465 1698 i'aciat3

92 1731 174 1759 non
197 1724 259 1757 est
281 1715 352 1772 qui
371 1730 517 1772 pacem
541 1717 738 1772 loquatur
769 1731 864 1758 cum
899 1715 1117 1772 prnximo;
1151 1729 1234 1754 non
1258 1721 1319 1755 est
1341 1714 1468 1755 hodie

92 1783 134 1823 in
161 1790 268 1823 terra
288 1780 493 1827 charitas,
519 1782 717 1837 quoniam
751 1781 1108 1837 superabundavit
1132 1779 1352 1834 iniquitas,
1380 1779 1466 1821 imo

92 1847 273 1889 charitas
295 1847 526 1888 multorum
550 1846 791 1904 refrigerata
815 1846 917 1887 esth.
937 1846 1051 1897 Quid
1068 1861 1166 1902 ergo
1188 1877 1196 1891 ‚
1222 1845 1386 1892 fratres,
1413 1845 1468 1886 sa-

93 1913 276 1960 ciemus,
296 1911 328 1952 si
353 1925 498 1967 pacem
517 1919 558 1951 et
575 1911 845 1953 dilectionem
867 1925 963 1951 eum
984 1911 1176 1967 proximo
1205 1925 1287 1951 non
1309 1910 1469 1952 habue-

93 1976 255 2019 rimus?
278 1977 379 2018 Nam
403 1977 491 2017 sine
519 1991 620 2032 pace
644 1986 686 2018 et
708 1977 937 2018 dilectione
961 1976 1069 2016 beati
1093 1991 1181 2016 csse
1201 1991 1283 2016 non
1311 1976 1469 2032 poteri-

93 2058 215 2091 mus,
256 2056 333 2083 nec
365 2041 587 2082 beatorum
611 2057 788 2099 regnum
822 2042 913 2098 quis
944 2055 1133 2096 unquam
1173 2041 1341 2082 intravit
1370 2055 1468 2082 cum

94 2108 205 2150 odio.

158 2172 263 2214 VlIl.
302 2172 428 2222 Quod
449 2171 482 2212 si
506 2170 624 2219 illud,
646 2188 669 2213 o
689 2181 901 2229 peccator,
924 2170 1116 2212 obtinere
1138 2170 1279 2226 cupis,
1304 2186 1468 2228 semper

94 2252 243 2295 pacem
266 2237 421 2279 habere
445 2245 659 2278 memento
675 2271 685 2286 ,
723 2253 819 2279 cum
844 2238 901 2278 nil
925 2251 1024 2293 pace
1061 2244 1101 2276 et
1128 2235 1352 2277 dilectione
1374 2252 1469 2293 per-

98 2304 258 2346 fectius.
281 2303 378 2345 Haee
397 2311 459 2344 est
482 2303 549 2344 illa
568 2318 731 2345 summa
757 2304 887 2344 virtus
909 2312 950 2344 et
969 2302 1184 2344 beatitudo
1201 2333 1212 2349 ,
1236 2316 1359 2357 quam
1384 2303 1470 2344 An—

145 2418 155 2438 ¹
174 2415 292 2458 Ephes.
324 2426 374 2456 n,
402 2420 433 2451 4.
462 2433 508 2439 -
534 2413 549 2436 2
577 2417 671 2446 Rom.
701 2426 731 2454 v,
755 2426 805 2447 ιο.
834 2433 876 2438 -
902 2411 917 2435 3
946 2415 1043 2446 Joan.
1071 2423 1125 2450 xv,
1159 2413 1211 2443 13.
1240 2430 1284 2434 —
1314 2410 1326 2433 ⁴
1349 2413 1466 2448 Matih.

97 2481 186 2509 xxw,
211 2481 261 2501 η.

145 2554 193 2596 (1)
213 2551 296 2585 Cod.
316 2552 385 2594 qui.
404 2539 509 2594 -;(2)
527 2553 620 2582 Forte
637 2562 758 2585 amore.
787 2568 831 2575 -—
849 2548 900 2595 (3)
922 2552 1018 2581 Deest
1038 2561 1102 2579 non
1125 2548 1154 2579 in
1173 2548 1248 2582 cod.
1269 2547 1366 2592 0-(4)
1389 2550 1469 2584 Cod,

97 2608 232 2654 pessime
245 2608 460 2641 mendacitas.
