1885 3284
374 377 518 429 sniziio
555 381 645 436 vrix,
683 395 738 425 DE
776 375 1052 427 reursscosrss
1091 393 1155 437 iv,
1193 392 1288 424 ETc.
1430 371 1523 424 315

149 465 226 524 nus
254 458 295 508 in
319 460 457 524 ignem
484 450 743 524 fumantem,
785 454 1006 520 cmperunt
1048 458 1234 503 tonitrua
1267 467 1310 502 et
1341 454 1524 502 buccina

150 525 308 580 audiri,
334 531 375 573 et
397 528 572 572 fulmina
599 528 782 579 micare,
806 523 846 569 et
879 527 1012 569 nubes
1047 525 1211 584 operire
1236 533 1422 567 montem
1446 558 1457 573 ,
1483 534 1526 568 et

149 592 328 662 populus
361 585 597 653 prohibitus
628 602 689 636 est
714 595 765 636 ad
803 603 990 636 montem
1025 593 1258 640 accedere,
1290 607 1343 634 ne
1365 588 1526 633 videret

148 665 284 719 Deum
305 654 347 704 et
374 661 569 705 transiret
600 660 802 702 terminos
838 659 1102 702 constitutos.
1148 656 1350 700 Ascendit
1385 665 1526 699 autem

148 724 312 786 Mojses
329 736 370 769 et
390 726 528 769 Aaron
545 726 585 767 in
597 733 802 773 montem,
816 723 858 767 'et
872 723 1080 783 praecepta
1097 723 1218 780 Legis
1232 721 1522 780 receperunt¹.

149 793 232 837 Sed
251 793 475 840 attendite,
500 791 676 840 fratres,
702 793 815 846 quod
835 791 923 833 haec
946 789 1086 833 omnia
1110 789 1312 831 hodierna
1337 788 1403 830 die
1421 787 1530 844 sacta

150 868 192 902 et
213 858 438 923 qdimpleta
463 856 665 898 videmus.
694 857 806 898 Ecce
835 864 928 914 post
950 852 1244 898 liberationem
1269 852 1452 895 filiorum
1474 851 1530 894 Is-

150 920 260 982 rael,
285 932 327 965 et
349 918 442 980 'p'ost
463 921 698 980 passionem
719 922 874 964 Christi
889 921 1056 964 Domini
1075 920 1205 962 nostri
1225 953 1234 968 ‚
1261 927 1354 977 post
1374 918 1532 960 libera-

151 989 309 1032 tionem
328 1003 475 1029 eorum
492 985 542 1029 (le
556 987 738 1036 inferno,
752 989 848 1030 data
860 996 921 1029 est
940 985 1287 1044 quinquagesimo
1311 984 1377 1026 die
1401 981 1531 1039 Apos-

152 1053 246 1097 tolis
274 1047 459 1111 perfecta
482 1052 638 1095 sanctae
658 1046 778 1110 Legis
797 1053 994 1110 cognitio.
1015 1052 1119 1094 Nam
1134 1052 1190 1092 ibi
1213 1049 1417 1093 Dominus
1435 1050 1532 1091 des·

153 1120 299 1173 cendit
323 1119 362 1160 in
383 1119 478 1176 igne
496 1152 506 1167 ,
538 1119 595 1160 sic
627 1126 667 1160 et
705 1118 886 1175 Spiritus
919 1126 1089 1161 sanctus
1126 1118 1167 1159 in
1191 1110 1447 1174 Apostolos;
1474 1113 1532 1156 ibi

151 1181 313 1240 sonitus
337 1217 347 1233 ,
370 1194 412 1227 et
434 1184 503 1227 hic
526 1180 653 1226 sonus
676 1201 685 1231 ς
711 1173 765 1226 i'bi
792 1185 972 1227 buccina
989 1218 1000 1235 ,
1028 1183 1155 1226 ethic
1179 1181 1445 1240 praedicati03
1473 1180 1533 1223 ibi

151 1250 337 1314 tonitruo
355 1284 364 1299 ,
391 1249 524 1292 ethic
548 1249 724 1292 minatio
746 1265 1000 1307 poenarum3
1047 1249 1105 1291 ibi
1140 1248 1315 1290 fulmina
1335 1279 1345 1296 ‚
1385 1255 1426 1288 et
1462 1245 1532 1288 hic

151 1316 457 1375 miraculorum
484 1314 736 1357 coruscatio.
772 1314 915 1357 Sancti
933 1315 1114 1371 denique
1136 1312 1324 1371 Apostoli
1351 1311 1532 1369 postad-

153 1377 324 1424 ve'ntum
359 1380 540 1438 Spiritus
567 1381 701 1422 sancti
727 1373 950 1423 veritatem
978 1380 1339 1438 praedicaverunt‚
1363 1390 1533 1433 poenam

154 1446 303 1504 inferni
326 1445 575 1488 comminati
596 1454 692 1487 sunt
708 1477 718 1492 ,
745 1445 962 1487 miraculis
986 1451 1329 1487 coruscaverunt.
1351 1443 1535 1497 [traque

152 1511 279 1570 etiam
302 1510 388 1567 Lex
405 1512 500 1553 data
513 1520 574 1552 est
598 1511 640 1552 in
664 1511 771 1560 alt03
794 1510 863 1554 illa
886 1512 927 1554 in
951 1519 1118 1560 monte,
1139 1511 1211 1552 sed
1230 1508 1306 1550 ista
1330 1507 1371 1549 in
1394 1522 1535 1550 coena-

153 1574 265 1622 culo.
301 1581 464 1634 Moyses
485 1585 526 1618 et
549 1577 690 1618 Aaron
716 1586 816 1638 sunt
843 1577 885 1619 in
906 1585 1073 1636 monte,
1092 1584 1132 1618 et
1156 1576 1336 1633 populus
1359 1586 1534 1630 separa-

155 1653 226 1706 tur
244 1660 263 1686 a
282 1643 344 1700 (1)
365 1651 536 1690 monte,
563 1642 660 1699 quia
691 1635 895 1684 Doctores
929 1641 1127 1684 Ecclesiae
1151 1641 1384 1691 ascendunt
1403 1638 1535 1681 subli-

154 1702 342 1754 initatem
367 1709 685 1766 mysteriorum,
703 1709 774 1751 sed
788 1708 968 1766 populus
982 1707 1186 1765 simplicia
1197 1706 1318 1749 discit
1331 1714 1373 1747 et
1390 1697 1536 1747 altiore

154 1775 410 1836 perscrutari
433 1774 697 1833 prohibetur.

215 1841 285 1883 ΙΙΙ.
323 1840 422 1882 Haec
448 1839 615 1888 omnia,
654 1839 803 1881 fratres
834 1838 1095 1899 charissimi,
1121 1839 1172 1880 de
1195 1846 1375 1895 utroque
1397 1836 1539 1879 Testa-

156 1914 301 1949 mento
322 1913 490 1962 sumpta
514 1920 536 1947 a
557 1905 701 1954 nobis;
722 1914 763 1947 et
784 1906 816 1946 si
835 1920 910 1962 per
933 1906 1100 1962 culpam
1123 1912 1309 1945 nostram
1329 1902 1446 1944 vobis
1471 1903 1533 1960 (2)

157 1987 242 2016 non
260 1971 541 2019 conveniunt,
563 1979 703 2012 tamen
727 1985 776 2012 ex
787 1970 928 2012 officio
949 1970 1030 2012 dici
1048 1969 1291 2025 (5>del›ent.
1320 1968 1423 2011 Nam
1438 1967 1539 2010 licet

159 2039 200 2082 in
221 2052 366 2080 eremo
389 2051 486 2079 cum
505 2035 706 2078 fratribus
728 2036 856 2083 meis,
883 2051 988 2092 quos
1011 2035 1051 2076 in
1078 2034 1420 2076 Christinomine
1442 2047 1540 2078 con·

158 2104 325 2164 gregavi
341 2137 352 2152 ,
375 2103 531 2145 ibidem
554 2103 688 2144 multo
713 2111 903 2160 tempore
930 2101 1105 2148 fuerim,
1129 2109 1176 2142 ut
1198 2100 1319 2142 multi
1347 2115 1397 2141 ex
1420 2098 1537 2141 vobis

160 2171 303 2213 videre
326 2177 582 2226 potuerunt,
608 2176 748 2210 tamen
769 2170 1015 2225 compulsus
1035 2183 1054 2208 a
1077 2175 1222 2208 saneto
1246 2181 1343 2207 sene
1372 2164 1538 2220 Valerio

159 2236 294 2279 sactus
316 2250 409 2277 sum
438 2234 659 2291 presbyter
683 2249 692 2275 :
717 2243 758 2292 et
776 2243 870 2291 post
886 2234 972 2291 dies
983 2248 1137 2289 paucos
1154 2229 1541 2290 presbyterosinsra

160 2303 334 2346 domum
355 2299 508 2343 Valerii
530 2314 700 2341 mecum
723 2300 881 2342 habere
898 2299 1009 2356 volui
1048 2300 1107 2354 (A.)
1130 2332 1138 2345 ‚
1163 2298 1319 2355 pariter
1336 2312 1434 2339 cum
1457 2296 1540 2342 eis-

160 2368 258 2410 dem
290 2367 428 2408 vivere
451 2364 654 2424 cupiens,
679 2364 789 2408 sicut
824 2365 1030 2407 hactenus
1062 2379 1160 2406 cum
1197 2364 1397 2405 fratribus
1434 2361 1538 2404 meis

210 2479 220 2502 ¹
238 2478 342 2511 Exod.
355 2489 421 2517 xix,
441 2479 493 2518 16,
511 2484 543 2509 et
556 2488 645 2521 seqq.

208 2569 256 2611 (ι)
284 2570 382 2614 Deest
399 2580 418 2599 a
436 2568 556 2617 intcod.
573 2586 622 2594 —
637 2567 684 2614 (α)
705 2568 912 2618 Cod3nobis.
928 2587 972 2592 —
993 2570 1041 2610 (3)
1062 2571 1158 2600 Deest
1175 2567 1311 2600 verbum
1337 2568 1404 2599 dici
1417 2567 1451 2600 in
1465 2567 1538 2602 cod.

161 2642 208 2665 -ς-
219 2623 270 2671 (4)
280 2626 357 2658 Haec
374 2624 578 2669 Qmsslassfllfia
598 2625 732 2658 omnino
752 2624 920 2668 ridentur,
935 2635 1007 2663 cum
1026 2624 1252 2669 monasterium
1264 2624 1543 2669 Augustinuspon

162 2679 329 2717 habuerit,
355 2680 418 2712 nisi
439 2687 509 2723 post
534 2682 658 2714 Valerii
687 2686 835 2714 mortem.
865 2680 950 2712 Vide
983 2686 1074 2713 notas
1102 2680 1141 2712 ad
1169 2681 1268 2712 Serm.
1297 2679 1336 2712 ad
1365 2678 1477 2712 fratres
1503 2678 1538 2711 in

164 2746 269 2768 eremo
288 2746 360 2769 xxx.
