1868 3301
328 272 420 314 5⁶20
588 288 623 314 ὃ.
666 286 911 318 AUGUSTINI
948 288 1154 318 EPISCOPI
1191 289 1421 318 APPENntx.

330 351 599 393 »inventores
627 353 855 406 malorum,
879 372 894 392 1>
917 362 960 395 et
984 367 1133 396 caetera
1163 356 1300 396 omnia
1326 371 1417 412 quae
1446 356 1486 397 in
1516 357 1697 413 Epistola

328 416 413 473 ipsa
443 425 692 474 sequuntur,
723 417 812 460 haec
836 419 946 460 enim
973 419 1154 461 animam
1180 419 1374 463 inficiunt
1394 429 1436 464 et
1460 431 1654 479 separant
1676 438 1697 464 a

325 482 424 524 Deo.

941 616 1076 623 -——

833 726 1011 769 CAPUT
1042 726 1175 770 XVII.

662 846 723 886 De
746 847 1060 903 Compunctz'one
1087 848 1346 890 salvationis.

374 996 648 1038 commemo
687 993 926 1036 salvationis
954 993 1165 1046 efficitur,
1203 1010 1318 1043 cum,
1349 994 1497 1052 spiritu
1536 995 1694 1037 timoris

313 1060 506 1108 Domini,
537 1066 761 1116 peccatum
797 1058 1075 1102 damnationis
1103 1069 1198 1103 ante
1230 1061 1376 1102 oculos
1400 1074 1495 1102 suos
1515 1060 1694 1118 quisque

312 1141 493 1182 ponens,
529 1132 571 1165 et
596 1124 821 1181 imaginem
856 1124 985 1166 futuri
1010 1125 1150 1167 saeculi
1175 1125 1216 1167 in
1242 1126 1307 1167 die
1329 1125 1476 1181 judicii
1500 1127 1694 1168 recorda-

313 1201 398 1239 tur,
432 1199 474 1232 et
502 1189 650 1231 inferni
676 1205 818 1245 poenas
841 1189 1108 1232 flammarum
1132 1192 1490 1247 tenebrarumque
1509 1223 1520 1241 ‚
1546 1192 1694 1233 strido·

311 1272 399 1297 rem
421 1255 609 1296 dentium
632 1264 672 1296 et
691 1255 836 1296 ssetum
862 1255 1111 1312 impiorum,
1131 1257 1203 1297 ubi
1219 1275 1233 1295 «
1258 1256 1420 1299 Vermis
1443 1271 1589 1297 eorum
1609 1272 1691 1298 non

314 1321 536 1373 »moritur,
564 1328 605 1361 et
639 1320 745 1377 ignis
764 1335 846 1362 non
881 1321 1190 1378 extinguitur¹,
1223 1341 1237 1360 n
1271 1331 1327 1374 et,
1360 1321 1519 1378 Spiritu
1547 1330 1691 1363 sancto

311 1394 576 1444 suggerente,
598 1391 769 1439 peccata
794 1402 866 1427 sua
893 1402 1218 1444 recognoscens,
1252 1388 1292 1429 in
1324 1403 1367 1429 se
1401 1387 1691 1429 damnationes

312 1453 538 1509 impiorum
566 1466 615 1492 ex
636 1451 824 1493 interiori
844 1452 983 1493 cordis
1006 1454 1150 1495 dolore
1168 1452 1435 1510 recognoscit
1454 1468 1463 1499 ;
1488 1452 1691 1508 poeniten·

314 1518 378 1559 tiae
404 1519 630 1573 lacrymas,
659 1517 919 1566 incurvatus,
947 1526 989 1558 et
1022 1518 1266 1559 humiliatus
1306 1527 1429 1573 atque
1461 1526 1693 1573 prostratus

311 1597 451 1624 coram
477 1582 580 1632 Deo,
612 1580 775 1628 fundit3
814 1590 854 1622 et
882 1583 1059 1623 consilio
1093 1584 1360 1624 sacerdotum
1387 1597 1460 1638 per
1486 1581 1690 1638 preniten-

310 1650 408 1691 tiam
434 1647 591 1689 Christi
613 1647 776 1704 legibus
800 1648 1010 1699 subditur,
1040 1657 1083 1690 et
1104 1648 1349 1689 humiliatus
1369 1647 1561 1703 subjacet
1580 1661 1690 1687 eon-

310 1714 438 1757 sortio
463 1712 743 1760 Sanctorum,
778 1721 820 1754 ct
852 1714 1153 1754 communione
1192 1712 1378 1770 corporis
1409 1722 1450 1753 et
1477 1712 1688 1766 sanguinis

310 1778 466 1820 Christi
486 1786 702 1834 separatus
727 1786 790 1819 est
808 1779 979 1820 decreto
1007 1778 1069 1834 (ι)
1095 1779 1386 1825 sacerdotum
1412 1786 1452 1818 et
1477 1777 1585 1818 actm
1605 1792 1690 1833 poe-

311 1842 495 1885 nitentiae
529 1851 630 1883 tunc
663 1842 742 1883 erit
768 1843 949 1898 perfecta
978 1852 1020 1885 et
1065 1843 1349 1900 acceptabilis,
1385 1842 1418 1883 si
1453 1843 1689 1884 ascenderit

309 1910 437 1950 homo
461 1908 657 1948 adversus
681 1923 722 1948 se
747 1923 879 1964 usque
899 1911 952 1950 ad
974 1909 1158 1951 tribunal
1178 1908 1327 1950 mentis
1347 1923 1451 1955 snae,
1473 1916 1514 1948 et
1537 1909 1688 1950 consti-

309 1974 438 2015 tuerit
460 1980 555 2014 ante
577 1971 725 2013 faciem
743 2006 752 2021 ‚
788 1989 840 2014 ne
863 1974 943 2015 hoc
970 1973 1040 2015 fiat
1061 1974 1098 2015 ei
1131 1974 1241 2016 sicut
1265 1974 1550 2015 comminatur
1577 1976 1684 2015 Deus

309 2038 547 2098 peccatori,
575 2047 701 2094 atque
730 2039 784 2080 ita
809 2041 1039 2082 constituto
1063 2040 1136 2082 Dei
1168 2039 1351 2096 judicio,
1370 2039 1480 2080 adsit
1500 2038 1535 2080 ei
1561 2054 1684 2080 accu-

309 2105 437 2148 satrix
478 2103 675 2161 cogitatio
701 2138 711 2153 ,
757 2106 869 2148 testis
905 2106 1163 2148 conscientia
1186 2139 1195 2154 ,
1231 2114 1272 2148 et
1312 2104 1496 2147 carnifex
1533 2105 1683 2152 timor;

308 2171 462 2214 deinde
494 2170 660 2227 sanguis
694 2171 842 2213 animae
875 2172 1114 2214 confitentis
1152 2172 1194 2213 in
1236 2174 1444 2228 lacrymas
1476 2169 1682 2227 prossuat3

309 2245 523 2294 postremo
548 2236 586 2276 in
613 2236 869 2278 conscientia
896 2252 967 2278 sua
998 2253 1040 2278 se
1064 2238 1282 2294 indignum
1306 2237 1467 2292 judicet
1491 2250 1684 2277 commu-

309 2304 434 2346 nione
451 2302 639 2357 corporis
657 2311 699 2344 et
722 2303 936 2359 sanguinis
956 2303 1108 2345 Christi
1128 2312 1169 2345 et
1191 2304 1392 2345 societate
1407 2302 1682 2349 Sanctorum

310 2376 497 2410 versetur
521 2376 615 2408 ante
638 2368 783 2409 oculos
811 2383 909 2409 suos
939 2369 1074 2426 imago
1110 2369 1237 2410 futuri
1260 2367 1411 2425 judicii
1431 2400 1440 2418 ,
1466 2375 1512 2407 ut
1542 2368 1591 2407 ad
1621 2366 1685 2422 ip-

307 2450 398 2477 sum
442 2449 525 2476 non
569 2435 744 2476 accedat
781 2434 939 2491 absque
978 2434 1180 2476 virtutum
1216 2433 1482 2481 munimine;
1529 2432 1685 2489 cogitet

355 2549 363 2568 ¹
388 2548 626 2584 Marc.1x,.1.3.

355 2626 404 2671 (ι)
424 2626 472 2660 Ibi
489 2627 519 2660 in
538 2626 610 2659 cod.
626 2626 742 2670 legitur
755 2626 855 2659 solum
870 2638 891 2657 α
908 2626 993 2662 de...
1008 2640 1016 2667 ;
1039 2632 1153 2660 caetera
1167 2631 1240 2660 nunt
1254 2626 1378 2659 abrasa.
