1885 3284
261 285 400 318 EPlsT.
441 283 497 314 DE
534 282 701 313 SEPTEM
740 284 877 313 PETlT.
921 284 968 317 ΙΝ
1007 281 1144 314 PATER
1180 281 1364 313 NOSTRR.
1452 267 1536 313 163

164 373 186 396 »
209 351 412 409 voluntas
431 361 520 396 tua.
538 369 560 392 »
597 349 695 395 Non
715 350 828 395 enini
857 348 953 397 vult
973 347 1242 394 contendere
1260 384 1270 403 ‚
1297 347 1374 410 qui
1393 346 1502 393 dicit
1523 365 1534 392 ε

165 443 186 477 (ς
205 421 512 481 fiatvoluntas
532 430 617 466 tua.
647 441 667 459 »
696 419 791 464 Sibi
820 418 992 483 placere
1016 418 1183 464 indicat
1205 417 1425 481 quidquid
1458 435 1513 463 vo

162 491 307 538 luntas
336 492 413 537 Dei
431 490 527 549 vult
550 490 593 535 in
611 507 652 535 se
670 526 681 545 ‚
709 489 775 535 vel
793 490 835 535 in
861 488 968 535 aliis.
994 489 1111 534 Huic
1124 505 1223 548 ergo
1237 487 1442 551 petitioni
1461 488 1537 533 da*

165 572 238 609 tur
257 562 436 626 spiritus
459 562 679 612 scientiae,
729 570 778 606 ut
813 560 905 624 ipse
934 559 988 605 ad
1011 576 1086 605 cor
1126 560 1330 621 veniens)
1363 558 1543 605 'erudiat

163 632 299 693 illud,
319 644 360 693 et
382 633 619 679 salubriter
639 641 912 695 compungat
928 631 1045 676 intus
1060 668 1070 686 ,
1095 641 1143 677 ut
1160 630 1543 694 sciats‘homoffma-

167 704 261 766 lum
281 704 400 768 quod
426 705 595 768 patitur
619 722 666 750 ex
690 704 821 766 culpa
840 720 914 749 sua
938 702 1183 766 provenire,
1212 704 1246 748 si
1262 701 1372 766 quid
1398 712 1543 748 autem

170 775 277 830 boni
303 775 507 833 habuerit
527 792 573 820 ex
594 774 890 821 misericordia
916 773 994 819 Dei
1019 773 1270 837 procedere,
1292 790 1342 819 ac
1362 790 1441 837 per
1456 772 1543 818 hoc

170 845 309 907 discat
351 846 397 892 in
432 847 637 892 omnibus
669 862 767 908 quae
788 845 958 908 patitur
991 844 1212 908 prosperis
1243 843 1547 907 sivegadversis

166 926 319 978 contra
339 917 591 962 Creatorem
612 933 697 961 non
727 916 880 972 irasci,
910 915 984 960 sed
1018 933 1060 961 se
1092 915 1147 961 ad
1179 915 1327 961 omnia
1372 915 1547 979 patien-

167 997 254 1034 tem
275 987 344 1050 (1)
365 987 582 1034 exhibere.
613 987 795 1050 Optime
815 1004 917 1046 ergo
945 1004 1023 1049 per
1040 987 1428 1050 compunctionem
1448 1003 1550 1033 cor-

170 1058 237 1119 dis
259 1075 360 1122 quae
376 1095 387 1117 ‚
409 1058 566 1121 spiritu.
590 1057 781 1104 scientiae
801 1069 1010 1121 operante
1028 1095 1040 1113 ‚
1063 1058 1218 1104 mentis
1236 1075 1284 1104 ex
1300 1057 1550 1104 humilitate

171 1129 383 1190 nascitur,
403 1128 468 1174 ira
492 1139 534 1174 et
558 1128 801 1188 indignatio
839 1128 972 1173 animi
1006 1128 1247 1188 mitigatur,
1276 1129 1379 1194 quia
1398 1146 1420 1175 e
1443 1145 1554 1175 con-

170 1215 293 1256 verso
314 1198 495 1257 stultum
522 1199 585 1262 ira
606 1199 828 1244 interficit.
853 1199 977 1244 Hanc
1001 1209 1145 1244 autem
1164 1200 1390 1257 virtutem,
1411 1199 1457 1246 id
1471 1209 1550 1252 est,

171 1270 558 1334 compunctionem
573 1307 584 1323 ‚
614 1270 703 1315 sine
722 1269 872 1315 dolore
896 1270 1129 1332 praeniiuin
1153 1271 1462 1317 consolationis
1481 1287 1550 1316 se-

172 1340 343 1404 quitur,
372 1340 510 1404 utqui
534 1357 575 1385 se
596 1340 671 1385 hic
686 1350 842 1402 sponte
868 1356 1015 1385 corani
1032 1342 1123 1386 Deo
1142 1358 1219 1404 per
1241 1341 1429 1388 lamenta
1447 1340 1554 1387 affli-

177 1411 258 1472 git,
276 1411 367 1457 illic
390 1427 540 1457 verum
556 1410 766 1470 gaudium
787 1420 830 1456 et
846 1410 1047 1456 laetitiam
1072 1412 1268 1457 invenire
1293 1423 1524 1459 mereatur.

217 1481 556 1543 V11.Quarta
574 1480 728 1543 petitio
753 1492 816 1525 est
831 1491 983 1526 contra
1006 1481 1245 1538 tristitiam,
1261 1499 1348 1546 qua
1364 1483 1553 1529 diciturz

177 1551 366 1614 5‹J,³anem
389 1561 588 1612 nostrum
610 1550 923 1614 quotidianum
943 1550 999 1596 da
1024 1552 1153 1599 nobis
1175 1551 1351 1600 hodie.»
1364 1554 1558 1600 Tristitia

178 1638 369 1686 namque
410 1621 593 1683 taedium
620 1632 683 1668 est
721 1622 857 1668 animi
889 1622 1077 1668 marcidi
1103 1623 1199 1687 (2),
1226 1624 1406 1687 quando
1435 1642 1559 1672 mens

176 1692 370 1759 quoda-tn
392 1692 524 1739 modo
562 1693 695 1739 taedio
735 1694 884 1739 affecta
905 1731 916 1750 ‚
955 1704 998 1739 et
1040 1694 1148 1740 vitio
1172 1711 1255 1742 suo
1281 1697 1516 1751 amaricata
1541 1733 1553 1751 ‚

180 1764 301 1826 bona
326 1763 497 1810 interna
521 1781 612 1821 non
640 1764 824 1827 appetit.
858 1766 1097 1830 Propterea
1118 1765 1173 1811 ad
1208 1767 1449 1814 sanandum
1472 1769 1560 1814 hoc

178 1834 335 1898 yjtiurn
358 1833 582 1897 deprecari
611 1844 753 1897 potest
779 1835 1121 1896 misericordiam
1149 1838 1359 1894 Domini,
1387 1839 1495 1885 utin
1518 1856 1560 1885 se

181 1905 308 1969 solita
325 1905 484 1969 pietate
506 1942 518 1962 ‚
550 1906 709 1951 animae
736 1905 868 1952 taedio
895 1924 972 1953 suo
994 1907 1244 1967 languenti,
1280 1909 1466 1957 internae
1490 1928 1561 1957 re-

178 1974 379 2044 fectionis
396 1975 614 2039 pabulum
639 1975 892 2035 admoveat,
916 1988 962 2023 ut
982 1978 1103 2042 quod
1119 1979 1215 2043 ipsa
1238 1981 1392 2033 absens
1424 1982 1561 2032 nescit

184 2057 389 2111 appetere
405 2084 416 2102 ,
471 2057 599 2106 gustu
635 2048 858 2110 praesentis
904 2048 1128 2096 admonita
1173 2051 1357 2115 incipiat
1393 2070 1552 2101 amare.

185 2117 331 2179 Datur
348 2134 451 2178 ¹ergo
474 2117 581 2164 huic
600 2118 801 2181 petitioni
821 2120 1001 2182 spiritus
1020 2120 1294 2168 fortitudinis
1319 2123 1406 2186 (3),
1428 2135 1474 2169 ut
1492 2123 1560 2171 fa-

190 2189 415 2251 tiscentem
441 2189 633 2238 animam
652 2190 790 2249 erigat
805 2227 817 2247 9
842 2204 1056 2254 quatenus
1078 2192 1152 2238 ille
1167 2229 1177 2248 ‚
1210 2194 1382 2257 pristini
1404 2195 1564 2256 vigoris

190 2260 359 2323 virtute
381 2270 554 2324 recepta
573 2297 584 2315 ‚
612 2261 666 2306 ad
690 2261 949 2310 desiderium
974 2264 1135 2310 interni
1159 2266 1326 2328 saporis
1349 2267 1566 2313 convales-

193 2340 276 2394 cat.
292 2330 423 2389 Creat
442 2348 543 2391 ergo
563 2330 775 2386 fortitudo
792 2333 836 2380 in
858 2333 989 2380 corde
1013 2334 1167 2381 famem
1181 2336 1382 2395 justitiae,
1395 2348 1444 2384 ut
1457 2337 1565 2383 dum

193 2400 272 2464 ‚liic
302 2418 382 2466 per
405 2401 670 2462 desiderium
690 2404 864 2467 pietatis
888 2404 1058 2452 fortiter
1080 2407 1352 2466 accenditur,
1375 2408 1467 2456 illic
1487 2425 1568 2473 pro

193 2472 379 2535 praemio
403 2472 580 2536 plenam
596 2474 914 2522 beatitudinem
932 2487 1238 2540 consequatur.

239 2564 288 2616 (ι)
305 2564 384 2615 Cod.
402 2564 611 2617 patientiam,
630 2572 662 2599 et
677 2577 741 2600 non
753 2567 852 2614 habet
869 2568 985 2612 κάμ’-,-
1002 2569 1052 2613 (2)
1066 2568 1114 2605 Id.
1137 2581 1210 2608 cum
1228 2568 1564 2614 mercede.—(3)1d.

196 2617 277 2650 nul·
292 2617 532 2661 sciliceesom'e.
765 2616 767 2618 ³

1327 2703 1400 2737 11.
