1868 3301
477 353 621 383 sEaMo
658 352 820 393 Lxxxv,
859 353 912 382 DE
949 352 1113 382 MORTE.
1397 338 1489 394 445

120 421 310 463 omnium
334 425 526 461 nostrum
548 427 625 460 est.
662 417 713 459 Et
736 432 831 460 vere
865 432 989 459 omne
1022 417 1182 458 malum
1208 415 1367 459 amicus
1392 431 1487 460 nos-

120 496 184 528 ter
202 493 277 528 est.
310 484 451 536 Quare
473 483 492 525 P
529 483 615 526 Nisi
637 483 734 540 quia
756 498 970 540 nunquam
996 498 1071 525 nos
1109 482 1332 539 relinquit;
1373 497 1487 526 sem-

116 565 193 608 per
214 558 353 592 tecum
371 557 455 597 est3
479 563 697 605 nunquam
720 547 938 590 hominem
958 548 1191 590 deseruisse
1210 548 1368 590 malum
1391 563 1489 605 por-

115 614 306 672 lcgimus.
339 614 486 657 Amica
510 614 740 656 domestica
765 623 917 657 cuncta
941 613 1053 656 mala
1065 614 1186 655 nobis
1208 622 1320 662 sunt,
1339 622 1382 656 et
1398 629 1491 671 quae

115 681 221 722 intra
244 680 365 722 nobis
391 689 510 727 sunt,
529 679 690 736 cupire,
715 694 871 729 amare,
895 681 1057 729 odisse,
1077 679 1300 728 fornicari,
1327 680 1484 729 occidi,

114 759 262 802 rapere
284 745 349 786 vel
368 744 520 794 surari,
557 759 698 786 nonne
726 744 818 786 haec
842 745 983 786 omnia
1008 744 1139 787 amica
1173 752 1314 786 nostra
1351 753 1448 786 sunt
1471 744 1490 786 i>

114 808 300 852 Omnino
335 823 488 866 negare
522 824 605 851 non
645 823 883 865 possumus.
911 809 1017 861 Quis
1047 824 1146 866 ergo
1171 824 1191 851 a
1221 810 1487 866 passionibus

111 876 293 916 mundus
315 872 427 915 erit?
452 873 544 929 quis
563 889 583 914 a
602 873 698 915 labe
720 874 883 931 peccati
903 874 1137 917 innocens?
1167 874 1260 930 quis
1278 874 1367 915 sine
1388 889 1490 931 pec-

111 947 207 980 cato
225 938 363 980 vivere
377 937 547 995 potest?
563 938 673 994 Ergo
691 939 972 981 omnishomo
991 940 1187 987 mendax,
1207 938 1489 980 omnishomo

110 1003 247 1046 fallax.
273 1003 465 1060 Denique
493 1004 695 1046 audacter
719 1004 978 1061 praenuntio,
1001 1004 1099 1061 quia
1122 1004 1214 1046 vitae
1233 1003 1489 1062 principium

110 1067 317 1116 hominis,
341 1068 508 1110 initium
537 1068 694 1111 doloris
717 1078 805 1118 est,
838 1069 1088 1112 calamitatis
1109 1078 1150 1111 et
1172 1069 1364 1111 miseriae.
1391 1069 1490 1111 flaec

108 1132 221 1175 enim
245 1147 338 1190 quae
361 1132 541 1175 dicimus
557 1166 566 1182 ,
586 1133 712 1175 etiam
733 1134 974 1192 philosophi
990 1134 1120 1176 nostri
1139 1133 1490 1191 Carthaginenses

109 1211 192 1240 non
217 1198 532 1256 ignoraverunt,
552 1200 725 1256 quando
748 1200 789 1241 in
811 1208 906 1242 ortu
925 1214 1153 1257 puerorum
1173 1200 1398 1257 lugebant3
1417 1201 1491 1242 sed

110 1262 328 1306 moriendo
357 1264 619 1321 gaudebant,
639 1273 681 1307 et
702 1265 984 1322 epulabantur
1007 1264 1196 1321 quotidie
1232 1265 1452 1322 splendide
1472 1298 1483 1314 ‚

109 1327 395 1378 credenteset
424 1328 605 1371 scientes
624 1330 738 1384 quod
763 1329 889 1371 homo
914 1331 967 1371 ad
987 1330 1177 1372 laborem
1203 1331 1411 1378 nascitur,
1447 1339 1490 1373 et

109 1393 161 1435 ad
187 1393 374 1450 requiem
398 1393 593 1435 moritur.
619 1393 656 1436 O
675 1408 787 1435 mors
815 1394 1139 1442 desiderabilis3
1167 1409 1192 1435 o
1213 1408 1326 1436 mors
1349 1394 1487 1437 amica

108 1458 340 1500 amicorum
351 1459 442 1507 Dei,
460 1459 652 1501 omnium
671 1459 864 1501 laborum
887 1460 1156 1516 praesentium
1175 1458 1288 1508 finis,
1308 1475 1334 1502 o
1352 1475 1483 1508 mors.

102 1523 259 1566 laboris
281 1525 364 1566 mei
387 1524 555 1580 requies
571 1556 581 1570 ,
605 1533 648 1566 et
670 1525 821 1580 quietis
844 1539 947 1566 meae
969 1524 1251 1582 principium,
1285 1526 1377 1581 quis
1403 1539 1481 1582 po·-

105 1589 203 1631 terit
221 1598 310 1631 tuas
343 1589 545 1631 utilitates
562 1588 793 1630 enarrare}J
813 1589 918 1631 Nam
941 1591 1049 1630 male
1082 1589 1190 1631 mori
1215 1589 1479 1632 Christiano-

103 1668 198 1696 rum
224 1669 308 1696 non
329 1663 416 1704 est,
440 1655 513 1696 sed
535 1654 643 1695 bene
666 1654 800 1706 mori,
832 1668 930 1695 cum
959 1653 1127 1696 Christo
1167 1654 1304 1696 vivore
1326 1662 1401 1696 est.
1444 1653 1481 1697 Ο

100 1717 254 1761 sutnrae
276 1718 550 1761 beatitudinis
574 1733 687 1760 mors
714 1727 757 1761 et
779 1719 988 1761 solicitatis
1007 1719 1287 1776 principium!
1314 1719 1478 1769 Valeasu

104 1782 346 1826 fidelissima
362 1783 618 1830 amicarum,
648 1782 851 1839 quoniam
875 1784 907 1824 si
935 1798 1103 1840 possem
1137 1793 1177 1825 te
1198 1785 1381 1826 libenter
1412 1800 1479 1827 ra·

103 1863 224 1906 pere,
247 1849 428 1891 libenter
452 1856 493 1889 te
510 1857 740 1905 gustarem.
757 1848 918 1890 Omnes
931 1848 1042 1890 enim
1063 1849 1338 1905 cogitationes
1356 1865 1478 1898 meae,

103 1928 249 1956 omnes
272 1914 438 1956 labores
454 1914 537 1955 mei
562 1921 601 1955 te
617 1922 872 1970 expectant,
894 1922 937 1956 et
960 1913 1159 1971 instigant
1182 1929 1249 1957 me
1284 1916 1335 1958 ad
1366 1929 1478 1957 amo-

101 1993 192 2021 rem
215 1987 335 2020 tuum
349 2011 359 2026 ‚
384 1985 431 2019 ut
449 1978 696 2034 tempestiva
714 1978 870 2020 venias.

160 2043 212 2086 ΙΙ.
249 2042 336 2085 Cur
357 2057 457 2100 ergo
479 2043 585 2084 mori
607 2043 745 2094 times,
771 2058 795 2085 o
815 2058 934 2086 serve
956 2043 1065 2086 Dei?
1087 2042 1151 2086 An
1175 2044 1342 2101 ignoras
1363 2047 1476 2102 quod

102 2109 262 2151 dictum
279 2116 341 2150 est
364 2109 541 2150 :uBeati
568 2109 726 2150 mortui
753 2109 825 2165 qui
858 2109 900 2150 in
923 2109 1107 2151 Domino
1130 2110 1395 2153 moriuntur¹
1413 2111 1432 2154 ἱ)
1448 2131 1464 2152 ι»

102 2175 186 2227 Qui
208 2183 306 2217 sunt
322 2175 386 2216 isti
410 2174 482 2231 qui
506 2175 548 2216 in
565 2173 746 2216 Domino
768 2175 1030 2223 moriuntur,
1052 2175 1130 2216 nisi
1153 2175 1212 2217 illi
1240 2177 1309 2232 qui
1333 2177 1473 2236 hospi·

102 2249 190 2282 tem
211 2248 488 2297 receperunt,
530 2240 692 2281 nudum
713 2240 968 2289 induerunt,
994 2240 1233 2282 famelicum
1258 2250 1474 2285 saturave-

101 2313 220 2354 runt,
243 2305 431 2348 infirmos
454 2304 749 2353 visitaverunt,
777 2314 967 2347 mortuos
992 2306 1272 2362 sepelierunt,
1299 2308 1370 2364 qui
1389 2308 1474 2365 jus-

102 2369 234 2413 titiam
257 2377 552 2418 servaverunt,
574 2370 644 2425 qui
668 2369 818 2412 salsum
839 2371 1128 2413 testimonium
1146 2385 1230 2413 non
1254 2371 1469 2423 fecerunt,

99 2435 171 2492 qui
191 2435 437 2492 sanguinem
462 2449 547 2476 non
581 2433 850 2483 effuderunt,
885 2436 956 2492 qui
989 2450 1160 2477 usuram
1184 2437 1249 2478 vel
1280 2437 1471 2494 rapinam

99 2513 186 2542 non
205 2498 542 2542 commiserunt?
572 2499 643 2542 Isti
677 2509 775 2542 sunt
797 2500 855 2542 illi
876 2499 989 2542 beati
1021 2500 1092 2556 qui
1115 2499 1157 2542 in
1178 2500 1361 2544 Domino
1383 2518 1471 2545 mo-

98 2563 279 2613 riuntur,
310 2565 361 2607 ad
392 2578 573 2621 quorum
606 2579 816 2607 recessum
848 2565 1094 2622 panduntur
1124 2566 1245 2615 coeli,
1276 2568 1470 2610 laetantur

148 2677 157 2699 ¹
177 2679 278 2721 Apoc.
299 2686 366 2714 nv.
390 2677 442 2709 13.
