1885 3284
412 412 556 444 sEaMo
590 412 715 456 xmx,
755 413 800 444 [Ν
837 412 912 443 Dm
950 413 1133 446 Pascua:
1170 415 1210 447 v.
1419 402 1513 465 259

136 479 315 529 afuerit,
341 479 435 537 igue
458 478 763 522 comburetis¹.
793 497 808 518 »
842 478 920 522 Ubi
952 487 994 522 et
1022 480 1191 523 additur
1217 482 1231 523 ε’
1245 499 1261 518 «
1275 481 1344 525 Sic
1365 496 1511 526 come·

136 563 153 586 »
167 545 272 588 detis
299 544 446 587 illum:
470 558 590 586 renes
610 552 770 586 vostros
790 543 1017 601 accingetis
1033 575 1044 593 ,
1071 553 1113 587 et
1135 547 1421 590 calceamenta
1441 547 1512 591 ha-

137 610 341 659 mobilis,
375 611 577 654 habentes
615 610 791 652 baculos
808 642 818 660 ‚
843 618 886 651 et
923 610 1154 653 comedetis
1176 611 1464 657 festinante—N.
1491 633 1508 652 ,ι

133 675 234 719 liaec
251 683 390 718 autem
414 683 567 719 cuncta
588 690 783 732 magnam
801 674 1123 719 aedificationem
1149 677 1332 734 pariunt.

192 741 245 784 ll.
282 740 388 792 Quis
422 755 605 796 namque
632 741 685 783 sit
702 740 867 797 sanguis
894 741 989 798 agni
1010 773 1021 789 ‚
1057 756 1144 784 non
1169 743 1381 787 audiendo
1404 774 1416 792 ‚
1442 745 1515 787 sed

133 806 321 850 bibendo
343 806 593 854 didicimus3
623 806 694 862 qui
727 806 897 863 sanguis
936 821 1063 864 super
1086 816 1314 864 utrumque
1344 818 1509 866 postem

134 872 322 931 ponitur,
348 870 516 928 quando
539 885 623 914 non
642 872 779 914 solum
807 887 879 914 ore
908 872 1121 929 corporis,
1146 875 1219 916 sed
1241 874 1379 917 cordis
1406 875 1517 918 reci-

134 937 262 995 pitur.
304 936 352 978 In
384 943 564 992 utroque
599 936 712 978 enim
753 945 870 993 poste
903 937 1148 994 sanguinem
1174 939 1267 995 agni
1290 940 1514 997 ponimus,

134 1002 304 1061 quando
320 1009 632 1044 sacramentum
650 1002 853 1058 passionis
874 1003 1189 1047 illiusmenteet
1202 1020 1381 1062 corpore
1394 1007 1517 1064 digne

135 1068 401 1125 suscipimus.
418 1067 516 1109 [deo
532 1068 572 1109 in
587 1068 984 1125 superliminaribus
1007 1070 1229 1112 domorum
1249 1072 1346 1128 poni
1370 1073 1512 1115 debet.

134 1135 187 1177 Et
207 1135 310 1190 quid
330 1142 416 1180 est,
442 1132 591 1174 fratres
605 1165 616 1180 ‚
643 1133 825 1176 domus?
844 1133 921 1175 nisi
940 1149 1058 1176 [nens
1077 1143 1218 1178 nostra
1245 1137 1511 1194 designatur,

135 1200 257 1257 cujus
275 1201 424 1242 domus
442 1198 767 1254 superliminare
787 1207 850 1241 cst
869 1200 953 1256 ipsa
973 1200 1150 1242 intentio
1164 1234 1176 1251 ,
1205 1216 1296 1257 quae
1321 1204 1516 1257 praeemi-

134 1274 207 1308 net
224 1263 412 1307 actioni?
429 1264 512 1315 Qui
529 1262 657 1320 igitur
679 1263 958 1306 intentionem
978 1279 1062 1306 suae
1084 1266 1338 1322 cognitionis
1357 1270 1407 1311 acl
1427 1268 1518 1312 imi-

135 1331 338 1374 tationem
355 1329 586 1371 Dominicae
610 1328 814 1385 passionis
838 1329 978 1385 dirigit·
998 1362 1008 1378 ‚
1034 1330 1074 1373 in
1102 1332 1424 1388 superliminare
1449 1334 1509 1391 (i)

135 1397 286 1439 domfis
313 1394 560 1450 sanguinem
584 1393 679 1450 agni
700 1395 832 1451 ponit.
872 1395 919 1436 In
943 1404 1069 1439 nocte
1089 1398 1246 1454 quippe
1271 1411 1424 1454 agnum
1443 1413 1519 1442 co-

133 1461 370 1507 medimus,
396 1459 563 1500 (lumin
597 1467 865 1503 sacramento
905 1460 1079 1501 Domini
1122 1462 1325 1517 passionis
1361 1478 1517 1522 corpus

134 1527 390 1583 accipientes
407 1556 417 1573 ,
443 1523 583 1566 adhue
606 1524 786 1567 invicem
811 1533 974 1568 nostras
1001 1527 1280 1570 conscientias
1300 1543 1383 1571 non
1403 1531 1518 1574 vide-

132 1607 253 1641 mus;
276 1605 369 1648 quae
408 1599 547 1632 tamen
574 1604 722 1631 carnes
746 1590 844 1646 igne
871 1593 1057 1634 assandae
1082 1601 1205 1641 sunt,
1242 1593 1337 1650 quia
1361 1596 1514 1639 dissol-

132 1665 289 1701 vuntur
311 1670 461 1698 carnes
484 1669 586 1711 quas
610 1655 829 1697 decoxerit
854 1671 959 1712 aqua
982 1673 992 1704 3
1018 1657 1090 1699 sed
1112 1657 1143 1698 si
1163 1667 1369 1708 assantur,
1389 1660 1512 1703 robo-

131 1732 295 1768 rantur.
323 1721 395 1764 Sic
417 1721 529 1763 enim
548 1735 693 1763 carnos
716 1721 1157 1778 nostriRedcmptoris
1178 1732 1321 1766 assaltu
1343 1724 1515 1769 suerunt

132 1791 175 1833 in
199 1804 267 1831 ara
291 1788 452 1834 crucis,
483 1794 740 1828 ctaruerunt
776 1795 976 1844 tanquam
1002 1796 1103 1830 testa
1123 1787 1152 1829 ³.
1197 1789 1310 1840 Quid
1331 1806 1513 1848 namque

132 1863 236 1898 testa
259 1886 270 1904 ‚
295 1853 373 1895 nisi
407 1852 533 1893 molle
560 1851 731 1894 lutum?
766 1851 848 1894 Sed
883 1853 967 1910 igni
995 1852 1186 1910 ponitur,
1220 1864 1265 1897 ut
1287 1856 1503 1902 solidetur.

131 1920 274 1964 Virtus
291 1933 390 1974 crgo
414 1915 688 1958 humanitatis
715 1917 897 1966 Christi,
923 1918 1036 1959 volut
1069 1926 1173 1961 tosta
1198 1921 1382 1970 exaruit,
1412 1923 1507 1979 quia

133 1986 184 2029 ab
209 1986 304 2042 igne
325 1982 530 2040 passionis
558 1997 689 2038 usque
710 1983 760 2024 ad
791 1982 988 2025 virtutem
1014 1984 1341 2042 incorruptionis
1359 1989 1503 2032 crevit.

190 2051 263 2094 ΙΙΙ.
301 2049 386 2092 Sed
412 2049 498 2090 sola
522 2048 818 2106 Redemptoris
849 2049 981 2091 nostri
1021 2059 1215 2106 percepta
1247 2063 1507 2098 sacramenta

132 2118 185 2160 ad
214 2130 356 2157 veram
391 2114 619 2170 puritatem
646 2114 800 2155 montis
823 2129 907 2156 non
942 2112 1188 2165 sufficiunt,
1213 2116 1291 2159 nisi
1319 2126 1360 2159 ct
1394 2119 1504 2162 bona

130 2196 259 2238 opera
290 2178 623 2235 conjungantur.
654 2178 768 2229 Quid
792 2179 904 2221 enini
940 2181 1111 2235 prodest
1145 2180 1307 2223 homini
1350 2197 1504 2241 corpus

129 2246 301 2292 Domini
319 2244 554 2304 percipere,
573 2251 613 2286 et
630 2260 768 2288 mores
785 2247 915 2288 malos
934 2261 1019 2287 non
1033 2246 1243 2303 corrigere
1259 2247 1501 2293 Pldeosub-

132 2313 193 2358 dit
230 2327 240 2354 t
269 2314 483 2367 «Azynios
520 2325 647 2367 panes
696 2325 793 2353 cum
827 2312 1003 2354 lactucis
1037 2311 1307 2368 agrestibus⁴.
1339 2332 1354 2354 ι)
1402 2315 1507 2359 Vere

132 2393 299 2436 azymos
311 2375 509 2435 panesilli
524 2375 752 2419 comedunt
770 2376 839 2432 qui
861 2386 974 2419 rocta
996 2391 1123 2433 opera
1141 2377 1229 2419 sine
1249 2394 1353 2422 vana
1369 2382 1501 2436 gloria

129 2443 303 2486 faciunt.
332 2443 362 2483 E
390 2442 600 2484 fermento
626 2456 807 2498 namque
835 2443 924 2483 Dco
947 2441 1199 2484 sacrificium
1219 2443 1408 2488 immolat
1428 2448 1499 2503 qui

128 2507 380 2552 sacrificium
399 2506 450 2548 (le
473 2507 618 2563 rapina
645 2504 788 2563 parat,
814 2509 879 2549 vol
901 2507 972 2563 qui
996 2506 1248 2550 sacrificium
1276 2510 1366 2552 Deo
1397 2526 1495 2554 culn

174 2609 187 2631 ¹
205 2609 306 2641 Exod.
331 2619 388 2645 xit,
413 2620 446 2651 7,
475 2613 505 2639 et
531 2618 620 2650 seqq.
649 2605 722 2652 ‘2²
743 2608 823 2639 [bid.
855 2605 995 2640 xx.—-3
1020 2608 1099 2640 Psal.
1129 2619 1199 2651 xxi,
1229 2611 1278 2642 16.
1304 2629 1349 2636 -
1366 2610 1379 2634 ⁴
1396 2614 1497 2646 Exod.

130 2675 201 2708 xxx,
222 2666 254 2698 8.

174 2746 221 2790 (1)
238 2744 317 2778 Cod.
337 2756 401 2777 uon
417 2744 515 2777 habet
531 2745 576 2778 in.

1275 2816 1341 2865 17.
