1885 3284
364 323 507 354 sunno
545 323 643 361 xiv,
684 321 738 352 DE
776 320 987 351 missione
1028 320 1187 349 υοΜιΝι
1227 320 1285 351 ix.
1425 302 1516 365 239

143 392 239 434 dam
278 390 590 448 correptionem
619 387 747 430 Maria
780 386 976 429 ostendit.
1020 385 1148 427 Paulo
1187 393 1281 426 ante
1320 385 1518 426 meretrix

143 456 302 504 suerat,
327 461 369 497 ct
391 455 530 498 subito
559 454 710 512 pudica
736 452 962 511 processit,
1001 459 1043 492 et
1072 467 1226 504 curva,
1264 450 1516 493 verecundia

143 522 290 580 plena,
317 521 489 563 domum
518 519 831 562 convivantium
857 518 1041 565 intrans,
1078 518 1128 558 ad
1155 525 1323 574 portum
1356 515 1516 558 sereni-

144 587 240 629 tatis
263 586 481 644 pervenit,
501 587 552 628 ad
575 587 704 643 pedes
728 594 840 627 retro
862 599 905 626 se
938 582 1189 641 prostravit,
1220 581 1367 640 capitis
1391 582 1517 640 pedes

144 660 362 708 extergere
385 651 511 708 coepit
537 652 620 706 (1),
654 658 695 692 ct
731 651 792 692 sic
815 649 1059 706 Magistrum
1088 648 1313 705 pascebat,
1339 647 1396 689 sic
1421 660 1518 688 eum

144 717 456 760 consolabatur.
483 716 592 758 Dum
617 716 728 758 enim
758 715 847 757 haec
872 714 1023 756 mulier
1040 715 1216 771 lupanar
1241 714 1393 762 exivit,
1418 722 1519 755 tunc

145 783 377 839 discipulus
391 783 600 825 infernum
615 782 796 824 intravit.
813 781 920 822 Dum
937 781 1047 823 enim
1067 781 1264 822 meretrix
1279 780 1520 821 mercedem

146 849 335 906 corporis
359 848 553 905 capiebat
575 880 585 895 ,
614 856 713 889 tunc
739 847 969 903 discipulus
1000 847 1180 903 pretium
1204 845 1415 902 sanguinis
1434 844 1520 901 jam

147 914 421 971 expectabat;
447 915 548 955 dum
572 914 642 955 illa
666 913 790 970 pedes
813 913 1102 959 osculabatur,
1139 921 1185 953 ut
1215 912 1376 953 veniam
1416 911 1523 951 reci-

144 985 287 1037 peret,
309 988 410 1022 tunc
429 979 660 1036 discipulus
687 979 974 1027 osculabatur,
997 987 1041 1020 ut
1059 979 1270 1036 proderet.
1296 978 1394 1018 Ideo
1419 976 1519 1023 dixi,

155 1046 305 1088 «Tunc
327 1077 337 1094 ,
359 1065 374 1084 ιο
395 1055 441 1088 ut
464 1061 548 1088 non
573 1046 816 1103 Magistrum
843 1044 1097 1087 infirmitatis
1129 1059 1301 1086 accuses
1317 1078 1326 1092 ,
1352 1043 1522 1100 quando

144 1110 399 1168 discipulum
434 1111 592 1168 reperis
627 1111 903 1168 proditorem.
948 1109 1144 1167 Magister
1177 1109 1289 1151 enim
1324 1109 1522 1150 virtutem

146 1176 330 1218 doctoris
348 1177 548 1223 ostendit,
570 1176 640 1232 qui
658 1177 785 1218 etiam
811 1175 871 1231 (2)
892 1175 1137 1217 meretrices
1165 1175 1216 1216 ad
1234 1174 1524 1216 obediendum

145 1256 222 1284 suo
244 1241 483 1298 magisterio
506 1243 731 1283 convolare
755 1240 944 1298 profecit.
978 1240 1208 1282 Meretricis
1225 1240 1337 1281 enim
1361 1252 1523 1281 morem

147 1306 277 1348 voluit
292 1315 472 1355 mutare,
487 1307 559 1348 sed
579 1307 831 1364 discipulum
853 1306 1085 1363 nonpotuit
1106 1306 1304 1353 retinere,
1327 1305 1421 1360 quia
1441 1319 1519 1346 vo-

145 1373 284 1415 luntas
308 1379 448 1413 creata
473 1372 514 1413 in
534 1371 645 1413 nulla
667 1372 729 1413 sui
759 1371 923 1413 actione
947 1379 1085 1428 potest
1109 1371 1261 1412 mutari
1285 1371 1335 1412 ab
1360 1371 1522 1427 aliquo,

146 1451 225 1478 nec
250 1451 271 1477 a
291 1436 383 1477 Deo
401 1436 485 1492 (5),
511 1445 648 1478 stante
672 1437 807 1478 libero
832 1435 1018 1477 arbitrio.
1043 1435 1133 1477 Non
1153 1435 1263 1477 enim
1285 1435 1422 1492 potuit
1442 1436 1526 1477 dis·

147 1501 335 1557 cipulum
352 1500 546 1549 liberare,
568 1502 665 1557 quia
683 1501 914 1558 discipulus
933 1500 1090 1548 noluit3
1107 1500 1240 1543 voluit
1256 1500 1524 1543 meretricem

146 1566 351 1613 liberare,
379 1566 475 1622 quia
495 1566 581 1623 ipsa
605 1582 649 1607 se
668 1575 819 1623 sponte
842 1565 995 1608 obtulit
1016 1575 1058 1608 et
1076 1567 1220 1608 voluit.

205 1628 277 1672 IV.
314 1630 430 1672 Abiit
453 1646 552 1688 ergo
576 1633 680 1673 latro
705 1632 774 1673 ille
798 1631 940 1673 videns
975 1631 1178 1687 unguenti
1216 1630 1517 1688 perditionem.

147 1695 240 1740 Non
267 1695 490 1744 invitatus,
516 1712 599 1738 non
623 1707 796 1738 coactus
817 1730 826 1744 ,
852 1712 934 1737 non
960 1697 1153 1738 adulatus
1176 1729 1185 1746 ,
1211 1711 1295 1738 non
1322 1696 1521 1743 minatus.

147 1775 233 1802 non
253 1762 502 1802 necessitato
526 1762 780 1803 constitutus
798 1794 808 1809 ,
835 1770 985 1818 sponte
1019 1763 1221 1817 processit
1253 1761 1302 1803 ad
1325 1761 1526 1803 sacerdo-

149 1833 225 1867 tes.
255 1824 372 1866 Clam
398 1828 632 1882 procedens
660 1826 861 1874 intravit3
895 1827 1063 1883 propria
1103 1827 1362 1883 malignitate
1387 1826 1526 1868 consi-

148 1890 252 1936 lium
270 1904 416 1932 eorum
432 1891 847 1940 fortificavitdicens‚
868 1893 1041 1933 omnino
1059 1906 1149 1933 esse
1169 1891 1367 1949 possibile
1386 1891 1529 1933 Chris-

150 1964 240 1997 tum
262 1956 384 2012 capi;
410 1957 554 1999 dicens
570 1990 579 2005 ‚
611 1966 656 1999 ut
679 1958 881 2003 arbitror,
908 1957 1079 1998 fratres:
1100 1975 1115 1994 «
1137 1957 1250 2009 Quid
1274 1958 1398 1999 vultis
1421 1957 1526 1998 mihi

151 2021 476 2070 »dare¹?»›Dic‚
502 2022 673 2064 oJudas
697 2022 904 2079 proditor,
931 2023 1025 2079 quis
1048 2031 1090 2064 te
1112 2023 1192 2065 boc
1210 2022 1348 2065 facere
1362 2022 1529 2064 docuit?

152 2086 246 2142 quis
268 2088 492 2129 doctorum
518 2087 599 2130 hoc
623 2088 698 2130 tibi
732 2088 1066 2131 demonstravit?
1097 2089 1189 2144 quis
1223 2089 1527 2146 discipulorum

199 2207 211 2227 ¹
231 2206 348 2239 Matth.
365 2217 461 2246 xxw,
482 2213 533 2244 ¹4·

200 2294 249 2339 (ι)
267 2295 349 2331 Cod.
372 2296 509 2329 absurde
526 2300 706 2338 cymbalum
734 2303 846 2331 Petrus
858 2300 1142 2342 percuterent-123
1161 2299 1219 2331 nisi
1239 2310 1399 2342 supponas
1419 2300 1527 2341 legen-

155 2350 231 2383 dum
251 2357 361 2384 contra
380 2364 506 2386 omnem
522 2354 692 2397 Scriptura:
707 2355 864 2387 rationem
878 2380 886 2395 ‚
900 2356 1083 2397 cymbalum
1099 2357 1227 2398 plectro
1243 2364 1410 2397 percutere
1419 2356 1507 2397 fecit
1518 2380 1526 2391 ,

155 2411 210 2438 aut
225 2407 390 2449 coep1'e.--
408 2409 454 2451 (2)
475 2410 556 2444 Cod.
577 2411 636 2453 qui
650 2422 734 2447 cum,
762 2430 806 2436 -—
835 2410 883 2456 (3)
903 2414 979 2444 Haec
997 2422 1128 2455 prorsus
1148 2411 1222 2443 falsa
1239 2417 1310 2442 suut
1324 2435 1332 2449 ,
1350 2410 1424 2453 quia
1442 2413 1529 2442 Deus

156 2473 214 2505 per
230 2463 359 2505 gratiam
377 2470 501 2497 mutare
515 2472 621 2510 potest
632 2478 687 2498 cor
702 2467 894 2510 peccatoris,
907 2468 987 2510 quin
1002 2467 1137 2499 liberum
1150 2467 1334 2499 destruatur
1347 2466 1528 2498 arbitrium.

155 2520 274 2550 Facere
301 2525 449 2562 poterat,
474 2527 508 2553 ut
538 2522 626 2565 quod
653 2522 782 2554 nolebat
801 2523 995 2566 discipulus,
1026 2529 1179 2555 attractus
1204 2523 1304 2565 gratia
1321 2521 1528 2554 libentissime

157 2573 252 2606 vellet
268 2587 275 2612 3
303 2585 361 2606 nec
378 2576 478 2608 voluit
495 2578 659 2617 meretrix,
675 2578 735 2610 uisi
759 2581 836 2622 quia
862 2579 960 2621 gratia
982 2579 1041 2613 fuit
1058 2585 1205 2614 attracta.
1228 2581 1303 2612 Haec
1320 2579 1354 2612 in
1368 2578 1528 2622 Chrysus-

159 2635 245 2662 tomo
263 2640 328 2662 uon
342 2630 501 2673 leguntur.
