1885 3284
127 341 270 373 SERMO
305 340 446 385 valt,
484 338 531 370 ΙΝ
568 338 642 369 DlE
679 337 799 370 PASC.
844 338 917 380 111,
955 338 1010 369 DE
1046 337 1202 371 RESUR.
1243 337 1354 369 DOM.
1400 321 1483 370 251

126 407 320 457 cundior,
347 415 549 463 tanquam
571 405 705 447 victor
723 406 774 448 de
791 406 917 452 bello,
932 405 1068 448 crucis
1088 405 1285 448 vexillum
1301 404 1496 446 manibus

126 473 317 530 bajulans
332 506 341 521 ,
367 474 629 528 domumque
648 471 827 527 Virginis
854 471 991 528 januis
1013 472 1164 513 clausis
1185 472 1367 522 intrans,
1399 485 1491 512 eam

126 548 366 582 reverenter
386 540 569 580 salutans
589 538 660 579 ait:
679 538 791 580 «Ave
813 538 1107 595 Redemptoris
1129 537 1262 579 Mater
1282 546 1325 579 et
1346 536 1489 593 Virgo,

124 620 216 662 quae
231 605 320 646 sola
339 603 478 661 primo
501 602 624 660 digna
648 602 760 644 fuisti
778 602 919 644 videre
942 603 1144 645 coelorum
1166 603 1325 659 Regem
1343 607 1385 643 et
1407 603 1494 643 Do-

123 669 285 712 minum
297 668 572 711 resurrexisse
586 668 830 709 amortuis.»
847 669 984 719 Quem
995 669 1125 710 Mater
1136 667 1289 710 Filium
1305 668 1489 716 intuens,

124 737 364 792 expandens
387 749 535 777 manus
564 742 606 775 et
631 733 826 783 brachia,
856 736 1038 776 clamare
1056 750 1139 792 prae
1156 733 1309 792 gaudio
1328 733 1454 789 coepit
1480 748 1489 773 :

129 802 417 845 «Benedictus
439 800 644 843 Dominus
677 800 789 842 Deus
814 801 962 849 Israel,
988 801 1084 857 quia
1107 800 1287 843 visitavit
1318 809 1360 841 et
1397 798 1495 841 fecit

123 866 487 923 »redemptionem
512 865 645 922 plebis
665 864 791 907 suae¹.
817 866 966 922 »Agite
984 881 1106 923 ergo,
1126 881 1150 908 o
1172 865 1309 907 devoti
1334 863 1494 912 fideles,

122 931 432 974 etfiducialiter
455 932 683 973 adventum
705 932 846 988 sponsi
870 932 911 973 in
933 932 1012 974 hac
1037 930 1140 974 valle
1168 931 1345 973 miseria:
1376 945 1497 987 praes-

123 996 407 1054 tolemini(1)‚
428 996 523 1053 quia
545 997 633 1039 Rex
654 1012 825 1053 regum,
856 998 1162 1054 primogenitus
1185 995 1496 1043 mortuorun1²,

122 1063 163 1104 in
181 1063 262 1105 hoc
285 1061 470 1120 paschali
487 1062 642 1120 gaudio
665 1064 850 1119 gaudere
878 1063 977 1105 facit
999 1066 1057 1120 (2)
1081 1065 1309 1106 exulantes.
1337 1063 1502 1119 Expec-

122 1137 211 1170 tent
233 1143 331 1170 eum
352 1127 561 1185 patienter
596 1129 757 1184 pariter
780 1134 822 1170 et
851 1130 1046 1171 ardenter
1067 1129 1374 1185 aliquantulum
1399 1142 1495 1168 cum

121 1194 248 1236 Maria
262 1226 272 1242 ,
293 1193 389 1250 quia
410 1193 585 1235 festinus
604 1203 803 1235 occurret
820 1194 878 1236 eis
900 1194 960 1250 (5)
973 1209 1148 1251 sponsus
1161 1227 1170 1243 ,
1189 1195 1341 1236 iterum
1359 1208 1500 1250 aspec-

124 1259 235 1301 tibus
263 1259 461 1316 angelicis
483 1259 764 1308 consolando,
789 1260 1025 1317 etlapidem
1046 1260 1274 1316 corporalis
1293 1258 1500 1300 obstaculi

125 1327 363 1368 amovendo
378 1358 390 1375 ,
414 1326 509 1382 quia
532 1325 659 1367 hodie
683 1325 878 1368 Christus
900 1327 1128 1369 resurrexit
1152 1342 1172 1368 a
1194 1325 1394 1372 mortuis,
1422 1325 1503 1382 pri-

124 1391 252 1434 mitiae
275 1390 615 1434 dormientium³.

183 1457 255 1498 III.
292 1457 499 1500 Hauriant
530 1457 672 1500 afflicti
705 1458 746 1499 in
781 1458 954 1500 fornace
987 1459 1121 1501 ferrea
1159 1458 1465 1503 recreationem
1489 1489 1498 1508 ,

123 1521 222 1579 quia
236 1521 487 1564 afflictorum
500 1525 740 1566 consolator
755 1533 798 1565 et
813 1523 1111 1565 tribulatorum
1130 1523 1312 1565 advenit..
1323 1521 1502 1564 Voverat

125 1589 239 1630 enim
254 1587 440 1630 Jacobus
462 1621 472 1636 ‚
496 1589 625 1632 frater
652 1589 844 1638 Domini,
877 1606 920 1632 se
941 1605 1025 1632 non
1049 1598 1340 1632 comesturum
1364 1589 1501 1631 donec

128 1670 150 1697 a
172 1654 348 1696 mortuis
370 1663 610 1711 resurgeret
628 1656 702 1711 (4).
731 1655 809 1697 Cui
830 1655 984 1697 afflicto
1015 1664 1055 1697 et
1076 1655 1271 1697 famelico
1294 1655 1501 1696 Dominus

129 1718 322 1777 apparuit
341 1727 383 1762 et
406 1719 508 1761 dixit
527 1734 536 1761 :
555 1738 570 1756 «
589 1720 770 1776 Epulare
791 1721 992 1776 gaudens,
1015 1719 1142 1762 frater
1165 1720 1237 1768 mi,
1260 1720 1356 1776 quia
1374 1719 1504 1761 Filius

129 1784 310 1827 hominis
327 1784 412 1842 jam
434 1785 680 1828 resurrexit.
696 1805 711 1825 »
726 1786 825 1829 Haec
849 1793 911 1828 est
927 1786 1039 1827 euim
1056 1787 1143 1828 dies
1156 1786 1308 1828 clarior
1324 1785 1503 1838 cunctis,

130 1851 314 1894 sanctior
342 1851 546 1894 universis
565 1884 575 1900 ,
600 1853 651 1893 de
674 1867 755 1909 qua
778 1853 982 1893 Dominus
1004 1852 1229 1910 Discipulis
1267 1852 1322 1893 ait
1349 1866 1390 1892 :«
1408 1851 1505 1893 Plo-

130 1939 145 1956 »
160 1917 304 1960 rabitis
322 1925 365 1959 et
386 1917 539 1960 flebitis
558 1918 620 1974 (5)
642 1933 712 1960 vos
728 1951 737 1966 ,
760 1926 802 1960 et
821 1918 974 1960 iterum
994 1918 1145 1961 videbo
1170 1934 1262 1966 vos,
1288 1927 1329 1959 et
1351 1919 1504 1974 gaude-

132 1983 222 2025 »bit
239 1998 313 2025 cor
334 1983 559 2026 vestrum⁶.
575 2002 590 2024 »
627 1984 725 2026 Haec
746 1991 808 2025 est
828 1983 940 2025 enim
962 1984 1050 2025 dies
1072 2016 1082 2033 ,
1123 1983 1164 2025 in
1197 1999 1277 2040 qua
1299 1983 1505 2040 spoliatur

133 2050 359 2106 AEgyptus‚
383 2049 548 2091 Hebraei
570 2049 805 2092 liberantur
828 2049 880 2091 de
897 2049 1068 2092 fornace
1091 2050 1224 2092 ferrea
1243 2083 1253 2098 ,
1284 2050 1438 2106 quibus
1462 2050 1503 2090 in

134 2116 250 2157 arido
272 2114 528 2163 constitutis,
548 2131 653 2171 opus
674 2124 763 2158 erat
781 2116 992 2158 servitutis
1011 2117 1148 2157 lutum
1166 2148 1178 2165 ,
1200 2116 1306 2156 later
1328 2122 1366 2156 et
1386 2116 1503 2171 palca

134 2180 176 2222 in
203 2181 342 2221 medio
366 2188 500 2222 terrae.
526 2180 657 2237 Igitur
667 2181 872 2223 Dominus
892 2181 1108 2238 egreditur
1125 2181 1354 2237 AEgyptum
1373 2195 1507 2221 resus-

135 2245 286 2287 citatus
304 2278 314 2294 ,
335 2246 455 2288 etsie
475 2246 640 2302 Moyses
663 2257 900 2305 assumptus
922 2239 973 2289 de
998 2247 1114 2303 aquis
1137 2246 1366 2289 Pharaonis
1388 2262 1506 2302 pros-

137 2310 262 2352 travit
279 2311 525 2354 exercitum.

196 2374 267 2419 IV.
301 2377 505 2420 Hauriant
525 2386 767 2435 peccatores
788 2394 905 2438 spem
929 2388 972 2423 et
994 2379 1193 2423 fiduciam
1210 2411 1220 2427 ‚
1244 2378 1340 2436 quia
1358 2393 1506 2421 eorum

186 2490 197 2514 ¹
221 2492 298 2524 Luc.
323 2501 346 2530 ι,
365 2492 489 2527 63.-
514 2490 530 2514 ²
552 2492 674 2526 Coloss.
703 2504 726 2531 1,
758 2493 811 2525 18.
840 2510 886 2517 —
911 2489 926 2515 3
961 2504 973 2523 1
1007 2493 1083 2526 Cor.
1114 2503 1167 2533 xv,
1205 2504 1263 2526 20.
1293 2511 1335 2517 —
1365 2489 1380 2514 ⁴
1409 2494 1507 2524 Joan.

139 2556 212 2586 xvi,
232 2557 286 2580 20.

187 2626 239 2674 (1)
263 2627 341 2660 Cod.
359 2631 597 2670 praestolances.
616 2649 657 2654 —
681 2627 735 2675 (2)
753 2630 935 2671 1d.fact'at.
961 2650 1004 2656 --
1024 2630 1071 2674 (3)
1093 2630 1127 2662 [d
1145 2630 1188 2664 ei.
1209 2647 1256 2654 -
1271 2628 1320 2673 (4)
1341 2632 1419 2661 Haec
1437 2639 1505 2661 non

139 2684 291 2727 majorem
305 2683 427 2719 habent
443 2685 666 2720 auctoritatem
684 2697 720 2720 ac
734 2686 1007 2732 praecedentia.—
1025 2686 1075 2732 (5)
1095 2686 1144 2721 Id.
1163 2686 1316 2721 ridebitis.
