1868 3301
248 275 392 307 sERMO
429 274 619 314 Lxxvm,
659 274 707 306 m
746 273 905 306 mnu
942 273 1257 307 INNOCENTIUM
1291 276 1341 307 11.
1429 261 1522 318 415

150 344 339 388 membra
358 342 544 390 dilaniat,
565 350 605 383 et
623 349 807 384 cruentae
823 342 922 399 legis
933 341 1263 399 feralibusjussis
1275 351 1406 386 totam
1422 358 1519 387 nas—

150 409 337 454 centium
357 408 638 464 depopulatur
655 407 888 449 infantiam.
919 406 1046 450 Mittit
1067 421 1251 464 namque
1269 408 1520 451 immanissi-

150 491 244 519 mus
267 484 539 532 tyrannorum
558 472 859 530 perBethleem
884 472 1060 529 populos
1080 487 1164 514 non
1184 473 1338 521 edicta,
1357 475 1430 516 sed
1452 483 1522 516 tu-

150 542 311 589 mulos,
332 549 373 581 vt
396 538 614 597 publicum
634 539 796 579 luctum
818 537 1204 579 sunebriannotans
1222 539 1385 595 pagina,
1407 540 1524 582 inno-

152 605 338 648 centium
359 604 522 646 scilicet
543 603 798 660 supplicium
815 635 825 652 ‚
846 603 981 660 legem
999 602 1220 659 jubetesse
1236 604 1516 661 sacrilegium.

153 670 413 712 Cunctorum
433 669 657 711 infantium
679 682 810 710 annos
829 676 1032 716 sectatur,
1056 676 1098 710 et
1117 676 1296 725 tempus,
1322 684 1368 711 ac
1388 670 1521 727 Mago-

151 750 246 778 rum
271 735 506 777 dimensum
530 733 794 775 admonitum
814 733 885 790 (ι).
929 734 1043 775 Inter
1062 734 1252 776 membra
1274 736 1520 778 lactantium

151 801 348 848 errando,
367 815 441 856 per
453 808 610 855 strages
630 798 826 840 funerum
850 813 963 840 nunc
985 798 1131 854 quaerit
1150 799 1427 842 homicidium
1449 817 1524 843 ex-

151 867 344 924 plere(2)
367 865 519 907 mentis
538 880 700 906 caecum
722 865 922 906 furorem.
950 865 986 907 O
1005 865 1158 907 insanae
1174 865 1446 922 blasphemiae
1464 868 1523 910 in—

150 931 380 973 sanabilem
401 931 514 973 luem
533 931 542 971 l
566 930 716 972 Totam
734 931 823 972 vult
846 929 1020 972 humani
1041 930 1204 987 generis
1227 933 1416 973 sobolem
1434 948 1526 990 per-

151 997 273 1044 dere,
296 995 415 1052 quasi
439 1010 537 1037 vero
561 995 672 1037 inter
687 995 883 1038 homines
913 996 1043 1053 possit
1064 997 1201 1038 Deum
1219 997 1429 1040 occidere.

208 1059 285 1103 ΙΙΙ.
323 1060 394 1101 Sic
422 1059 555 1102 sancti
584 1060 801 1117 Evangelii
837 1068 1043 1118 perennes
1076 1062 1310 1118 loquuntur
1348 1063 1486 1120 apices
1513 1079 1522 1106 :

162 1125 305 1168 «Tunc
324 1125 512 1167 Herodes
531 1140 630 1167 cum
651 1126 820 1167 vidisset
840 1125 1038 1182 quoniam
1054 1125 1198 1169 illusus
1212 1136 1320 1170 esset
1340 1143 1361 1169 a
1379 1129 1520 1187 Magis,

152 1189 424 1247 »indignatus
447 1199 511 1233 est
530 1191 657 1232 nimis
674 1224 683 1238 ,
704 1199 746 1233 et
763 1190 896 1240 misit,
916 1200 958 1234 et
976 1191 1189 1234 interfecit
1206 1206 1352 1236 omnes
1374 1209 1525 1251 pueros

150 1274 167 1296 a
181 1255 434 1313 quisuerunt
451 1255 492 1297 in
508 1256 727 1299 Bethleem
747 1271 767 1298 a
780 1256 942 1299 bimatu
959 1265 999 1299 et
1019 1257 1122 1299 infra
1138 1289 1150 1306 ,
1175 1260 1409 1301 secundum
1428 1269 1530 1302 tem-

148 1340 165 1362 ι
180 1336 257 1379 pus
275 1320 392 1377 qnod
410 1320 662 1378 exquisierat
684 1336 705 1363 a
727 1321 897 1379 Mugis’.
923 1340 938 1362 n
967 1321 1225 1365 Sternuntur
1246 1324 1385 1382 itaque
1408 1325 1529 1367 innu-

148 1400 265 1429 mera
288 1386 514 1429 infantium
537 1387 688 1436 millia,
715 1387 755 1428 in
778 1387 931 1443 quibus
949 1388 1017 1430 lex
1037 1403 1105 1429 rea
1131 1391 1344 1431 nascendo
1367 1389 1525 1434 fecerat

150 1466 342 1509 poenam;
367 1460 652 1509 supputantur
672 1454 946 1509 parvulorum
969 1453 1118 1495 breves
1143 1454 1264 1503 anni,
1300 1463 1342 1497 et
1377 1470 1524 1499 recens

150 1516 341 1559 nativitas
363 1516 573 1560 carnificis
595 1517 840 1560 curiositate
860 1519 1131 1575 perquiritur.
1154 1519 1248 1562 Non
1270 1521 1527 1564 evasitmor—

152 1591 262 1632 tem,
299 1597 426 1639 quem
448 1592 547 1625 aetas
581 1583 768 1640 prodidit
790 1583 1077 1627 innocentem.
1113 1584 1204 1627 Stat
1229 1585 1373 1628 liberis
1394 1588 1524 1644 raptis

150 1656 285 1690 mater
300 1648 465 1698 orbata,
483 1657 541 1696 et,
559 1644 827 1697 his'revulsis,
847 1648 1069 1691 ssuentium
1085 1665 1366 1694 mammarum
1383 1654 1527 1696 laetum

151 1713 333 1756 imbrem
355 1715 495 1756 clausa
518 1714 585 1756 vix
606 1714 799 1756 continet
830 1715 1015 1756 dextera.
1050 1714 1142 1757 Stat
1175 1716 1297 1758 unius
1326 1732 1449 1760 causa
1473 1720 1526 1762 ad

151 1779 539 1836 diversasupplicia.
563 1780 659 1821 Haec
673 1780 1000 1837 percutientem,
1018 1788 1063 1821 ut
1081 1789 1273 1837 expectet
1290 1784 1526 1839 paululum,

149 1854 291 1903 rogat,
316 1847 453 1888 donec
474 1846 609 1888 infans
633 1848 684 1888 ad
707 1847 857 1888 vulnus
881 1846 1060 1888 idoneus
1077 1845 1150 1889 fiat
1171 1881 1181 1896 ,
1221 1863 1274 1890 ne
1312 1849 1364 1890 de
1394 1865 1524 1906 parvo

150 1926 327 1969 corpore
338 1927 381 1954 se
394 1911 804 1954 infamethomicida.
819 1912 918 1954 Haec
942 1920 988 1953 ut
1009 1912 1051 1953 in
1074 1921 1224 1970 pectus
1243 1928 1366 1956 suum
1383 1915 1522 1965 feriat,

150 1993 204 2021 ne
217 1993 316 2020 suus
332 1978 536 2020 innocens
558 1977 751 2027 feriatur,
773 1986 935 2020 exorat.
950 1977 1313 2036 Nullaalacrymis
1330 1996 1373 2023 se
1391 1990 1526 2025 mater

152 2052 348 2091 excusat3
383 2044 490 2086 solas
527 2044 719 2086 inducias
735 2044 945 2101 postulat,
979 2052 1028 2085 ut
1056 2046 1317 2100 persecutori
1338 2047 1521 2098 nutriat,

152 2124 258 2166 quos
273 2110 451 2152 occidat.
481 2108 573 2151 Stat
596 2118 797 2151 cruentus
821 2117 964 2150 exerto
988 2123 1193 2151 mucrone
1221 2126 1459 2167 percussor,
1483 2122 1526 2156 et

153 2175 317 2217 assidua
344 2175 458 2217 caede
477 2176 624 2216 lassata
649 2174 733 2230 jam
759 2176 944 2221 dextera,
970 2175 1272 2231 ingrassatiteli
1298 2177 1523 2221 obtunsam

153 2240 289 2283 aciem
326 2241 520 2289 vibrans,
547 2249 741 2282 tenerum
776 2240 1004 2282 transforat
1033 2248 1205 2297 pectus,
1237 2242 1310 2284 sed
1336 2243 1378 2284 in
1406 2243 1523 2287 brevi

151 2320 331 2363 corpore
353 2308 496 2348 locum
520 2306 586 2347 vix
607 2305 766 2347 invenit
783 2306 956 2347 ‘vulnus.

211 2370 280 2413 IV.
317 2370 477 2414 Sonant
493 2371 602 2414 inter
625 2369 872 2413 carnificum
891 2385 1042 2413 manus
1059 2385 1136 2429 pro
1160 2372 1415 2418 clamoribus
1439 2382 1525 2419 tre-

202 2483 212 2507 ¹
232 2482 352 2516 Matth.
373 2495 414 2523 ιι,
431 2483 484 2518 16.

201 2562 252 2610 (1)
282 2568 377 2598 Forte
406 2565 572 2598 dimissum
606 2565 818 2601 admonitum.
849 2584 894 2591 -
915 2566 965 2611 (a)
993 2566 1072 2600 cod.
1090 2566 1217 2609 efferre.
