1885 3284
244 285 304 333 33
650 302 682 329 s.
730 299 969 330 Ancusrini
1010 299 1211 332 EPISCOPI

243 368 390 413 dicens
416 385 425 412 ι
445 367 623 423 «Quem
647 365 802 410 dicunt
824 365 1020 411 homines
1037 382 1125 410 csse
1144 366 1300 413 Filium
1329 368 1520 414 hominis
1536 368 1577 415 4?
1597 390 1617 410 »

246 440 300 483 At
324 436 396 483 ille
416 436 566 482 divino
594 435 756 494 ignitus
775 436 943 498 Spiritu
962 435 1208 498 respondit,
1233 455 1319 483 non
1338 437 1457 502 quod
1477 439 1619 485 fuerat

242 509 554 567 interrogatus,
583 506 656 551 sed
676 506 796 569 quod
823 506 1006 569 desuper
1022 506 1161 552 fuerat
1184 508 1418 571 inspiratus
1458 527 1469 554 ε
1503 530 1523 551 «
1549 511 1618 556 Tu

243 599 263 620 )>
283 597 351 635 es,
374 579 544 641 inquit,
576 576 777 623 Christus
810 577 925 623 filius
960 578 1039 623 Dei
1075 578 1209 625 vivi2.
1241 601 1260 620 »
1295 580 1379 625 Cui
1406 580 1619 626 Dominus

244 650 301 694 ait
328 667 338 694 ε
368 669 388 690 «
410 651 567 693 Beatus
589 664 630 692 es
650 684 660 702 ‚
694 647 845 693 Simon
867 649 1055 707 Barjona
1077 684 1085 701 ‚
1117 649 1219 710 quia
1245 665 1347 694 caro
1373 659 1414 694 et
1448 650 1620 709 sanguis

245 743 264 761 »
289 737 375 765 non
402 718 608 764 revelavit
644 718 727 763 tibi
762 718 852 780 (if),
883 718 956 763 sed
984 719 1114 762 Pater
1136 735 1282 774 meus,
1319 719 1396 780 qui
1420 720 1465 765 in
1499 719 1621 765 coelis

244 813 263 832 »
284 790 387 836 est3.
407 811 426 831 >J
452 789 770 834 Incarnationis
794 788 1047 851 mysterium
1068 798 1212 834 ettam
1234 789 1444 852 profundi
1468 789 1620 836 altitu-

242 861 389 907 dinem
412 860 672 906 sacramenti
690 859 908 905 humanus
926 876 1071 904 sensus
1087 870 1128 904 et
1143 861 1284 906 carnis
1307 861 1515 923 sapientia
1534 878 1620 907 non

244 942 385 995 potest
409 931 591 987 intueri,
610 930 691 975 nisi
713 948 734 975 a
750 931 817 993 (2)
838 932 930 975 Deo
947 929 1075 975 suerit
1103 930 1349 977 revelatum.
1375 932 1488 976 Ecce
1506 968 1516 988 ,
1536 930 1623 977 fra-

246 1014 328 1047 tres
345 1039 356 1058 ‚
384 1001 618 1064 Apostolus
638 1000 819 1046 humilis
853 1011 894 1045 et
919 1018 1088 1063 pauper
1117 1002 1282 1047 invenit
1304 1001 1623 1061 investigabiles

242 1072 417 1118 divitias
439 1071 620 1117 Domini
645 1088 723 1134 per
749 1070 1058 1116 confessionem
1082 1072 1269 1116 nominis
1288 1071 1469 1117 Christi.
1494 1072 1621 1117 Inve-

243 1144 306 1189 nit
328 1143 503 1189 divitias
527 1143 720 1188 coelestes
738 1142 957 1188 credendo
974 1180 984 1198 ‚
1009 1159 1096 1188 non
1119 1141 1408 1189 discutiendo.
1443 1142 1624 1205 Semper

241 1207 356 1260 enim
379 1213 584 1269 eredidit,
601 1231 679 1259 nec
698 1213 935 1276 aliquando
955 1213 1171 1269 discussit,
1193 1217 1318 1273 cujiis
1332 1213 1438 1258 fides
1458 1223 1622 1258 tantam

242 1285 425 1344 gratiam
461 1285 617 1329 meruit
639 1322 649 1339 ‚
687 1295 734 1329 ut
761 1286 889 1329 etiam
918 1301 993 1346 pei·
1024 1301 1138 1328 mare
1161 1283 1401 1328 Dominum
1421 1300 1622 1347 sequere-

245 1368 328 1403 tur.
355 1354 591 1412 Quomodo
619 1355 686 1418 (3)
705 1365 849 1400 autem
872 1354 946 1400 hic
974 1354 1136 1399 undam
1155 1354 1382 1409 calcasset,
1410 1354 1443 1399 si
1461 1354 1624 1399 huma-

243 1443 342 1471 nam
392 1426 604 1471 rationem
655 1428 907 1470 tractasset?
951 1423 1175 1487 quomodo
1203 1423 1373 1486 liquido
1415 1423 1625 1468 elemento

242 1496 420 1556 vestigia
445 1495 596 1542 solidae
615 1496 757 1541 carnis
774 1495 1066 1558 imprimeret,
1089 1495 1170 1539 nisi
1183 1494 1327 1539 verbis
1348 1493 1524 1539 Domini
1539 1511 1626 1539 cre-

241 1567 457 1612 didisset?
484 1568 583 1612 Non
607 1583 708 1626 ergo
735 1566 936 1611 discussit
958 1601 966 1617 ,
1007 1565 1079 1610 sed
1117 1564 1306 1610 credidit
1328 1601 1338 1620 ‚
1378 1575 1419 1610 et
1442 1564 1538 1610 ideo
1561 1563 1625 1609 illi

243 1637 329 1682 alta
357 1637 424 1700 (4)
450 1637 528 1681 Dei
550 1636 753 1699 mysteria
790 1636 976 1681 revelata
1009 1647 1122 1681 sunt.
1158 1635 1382 1681 Revelavit
1412 1635 1625 1680 Dominus

245 1707 481 1770 Discipulis
510 1707 597 1751 suis
620 1705 858 1751 ineffabilia
881 1706 984 1751 fidei
1008 1706 1075 1768 (5)
1100 1716 1367 1750 sacramenta
1386 1742 1397 1761 ,
1421 1716 1462 1750 et
1481 1705 1625 1750 mani-

241 1776 414 1822 festavit
433 1776 491 1821 eis
515 1775 693 1821 odorem
713 1776 881 1821 notitiae
905 1793 1009 1822 suae.
1046 1775 1340 1821 Manifestavit
1364 1791 1405 1820 se
1430 1775 1624 1838 piscato-

245 1847 367 1893 ribus
389 1846 627 1901 Dominus,
657 1858 705 1890 ut
742 1847 965 1891 universus
996 1845 1187 1890 mundus
1216 1845 1436 1903 Evangelii
1459 1845 1625 1891 retibus

243 1926 483 1979 caperetur.
512 1917 624 1960 Ecce
646 1916 808 1978 ubique
832 1915 990 1960 docent
1010 1915 1247 1977 piscatores
1270 1914 1524 1977 sapientiam
1545 1952 1555 1970 ‚
1584 1927 1624 1961 et

241 1997 388 2031 errant
423 1989 695 2046 grammatici
732 1997 772 2031 et
812 1997 1004 2031 oratores
1043 1995 1265 2047 sequentes
1292 1985 1539 2030 stultitiam.
1573 1987 1623 2030 ln

242 2056 521 2119 simplicitate
540 2055 682 2101 cordis
710 2056 946 2100 Dominum
963 2071 1212 2118 quaeramus
1230 2092 1240 2110 ,
1269 2054 1421 2100 fratres
1439 2092 1449 2109 ‚
1477 2064 1518 2099 et
1533 2058 1625 2114 ejus

243 2126 477 2172 adventum
503 2136 709 2188 tanquam
729 2125 923 2188 quotidie
938 2125 1002 2185 (6)
1017 2135 1249 2171 venturum
1268 2141 1354 2169 esse
1375 2123 1620 2178 credamus,

244 2207 291 2241 ut
317 2196 499 2241 correcti
523 2214 545 2241 a
564 2196 704 2252 vitiis,
725 2213 881 2241 vanam
901 2212 1020 2258 spem
1043 2194 1191 2240 saeculi
1215 2194 1505 2257 relinquentes
1530 2231 1540 2246 ,
1571 2194 1623 2240 ad

246 2267 434 2329 palmam
460 2283 661 2329 supernae
681 2267 920 2313 vocationis
946 2266 1153 2324 attingere
1179 2281 1431 2312 mereamur.

291 2402 300 2423 ¹
328 2400 447 2431 Manli.
469 2411 531 2439 xvi,
556 2403 609 2433 13,
629 2419 670 2424 —
692 2400 707 2422 2
723 2402 807 2435 [bid.
830 2403 881 2434 16.
901 2420 938 2424 ——
964 2399 976 2422 '⁵
998 2401 1083 2433 ibid.
1109 2413 1162 2440 17-

289 2479 343 2527 (1)
364 2481 447 2512 Vide
470 2480 641 2522 Angustin.
663 2484 763 2512 Serm.
783 2492 896 2517 conxx,
916 2491 1004 2514 niun.
1024 2492 1052 2510 2.
1070 2498 1112 2504 ψ-
1140 2478 1193 2523 (α)
1215 2480 1296 2512 (lod.
1319 2490 1340 2509 ιι
1363 2491 1382 2508 a
1406 2478 1561 2512 Domino,
1576 2494 1623 2501 -—

241 2534 291 2581 (3)
310 2537 413 2569 Godd.
439 2538 571 2578 quando
591 2543 622 2567 et
643 2537 686 2568 sie
713 2538 872 2572 deinceps,
898 2555 939 2559 --«
959 2538 1009 2575 (1.1)
1037 2535 1087 2566 Sic
1108 2535 1179 2566 cod.
1201 2547 1246 2576 ¹¹3
1274 2534 1345 2566 cod.
1365 2545 1418 2565 cxx
1448 2533 1529 2564 male
1549 2534 1622 2564 ideo

241 2593 321 2623 alia.
340 2609 388 2616 -
409 2589 461 2636 (5)
481 2592 530 2623 Sic
547 2592 619 2624 cod.
642 2603 767 2630 cx1i1113
789 2591 858 2623 cod:
883 2602 934 2622 cix
961 2591 1041 2625 Dei;
1061 2590 1132 2621 cod.
1154 2601 1177 2620 11
1199 2590 1261 2622 hoc
1280 2589 1407 2621 omittit.
1437 2607 1480 2615 —·
1510 2590 1556 2632 (6)
1574 2590 1623 2621 Sic

243 2645 333 2677 codd.
351 2657 402 2677 cix
420 2652 448 2678 et
463 2657 584 2685 ch1113
600 2646 660 2679 hoc
680 2647 817 2679 verbum
836 2648 867 2676 in
888 2647 959 2679 eod.
976 2657 995 2676 n
1011 2645 1220 2678 desideratur.
