1868 3301
349 267 443 320 524
610 280 643 309 s.
689 278 935 310 Avensa-lm
973 280 1179 310 Episcol‘l
1216 282 1456 313 arreumx.

376 360 526 402 equam
548 344 754 400 judicium
775 345 1041 394 commisisti,
1062 354 1104 388 et
1127 346 1234 388 ratio
1256 362 1339 388 non
1363 350 1538 404 protulit
1553 359 1724 392 senten—

348 412 469 459 tiam,
494 412 566 453 sed
581 411 719 467 potins
748 410 963 452 iracundia
984 443 994 458 ‚
1025 411 1161 453 scribe
1185 413 1321 468 legem
1337 447 1346 461 ‚
1367 428 1458 469 qnae
1478 415 1645 456 decreta
1664 415 1728 457 su-

352 477 455 518 roris
490 485 688 523 evacuet,
721 491 771 518 ex
807 492 888 532 qua
926 477 1133 519 sententia
1170 487 1394 534 antequam
1433 481 1725 523 executionem

353 542 526 598 recipiat
543 574 554 589 ‚
579 542 703 583 nullis
729 541 996 583 obstantibus
1014 541 1329 598 prescriptionis
1356 543 1528 592 litteris,
1556 547 1725 603 triginta

349 609 435 650 dies
448 617 660 664 expectet3
679 607 830 664 quibus
852 608 1071 649 transactis
1086 609 1250 656 (liobam,
1267 609 1371 650 ratio
1393 625 1561 652 causam
1585 628 1726 655 remo-

349 689 446 716 vens
461 673 691 728 injusfitiae,
709 688 800 729 qnae
818 674 1079 730 cognoverit,
1101 674 1142 714 in
1164 675 1336 716 veritate
1356 676 1548 731 disponat
1573 679 1652 733 (r).
1679 679 1723 719 Iu

348 740 412 782 his
427 740 539 781 enim
550 739 697 782 (liebus
710 747 989 795 cognoscetur
1003 748 1147 780 utrum
1169 739 1277 795 justa
1300 741 1582 791 sitsententia,
1598 759 1723 800 quam

350 805 560 862 protulisti
585 821 636 847 an
659 804 828 860 injusta.
856 803 898 846 Si
920 807 1026 859 justa
1049 805 1198 853 suerit,
1225 816 1499 863 permaneat;
1527 809 1559 850 si
1584 818 1724 851 autem

353 869 531 926 injusta,
553 870 818 918 destruatnr;
843 885 1045 912 numerus
1067 870 1233 927 triginta
1258 871 1420 913 dicrum
1450 875 1502 914 ad
1531 873 1608 915 hoc
1633 890 1726 917 exa-

345 935 594 978 minandum
614 935 809 976 sufficiet.
833 955 846 972 a»
864 936 980 977 Hanc
997 935 1328 978 admonitionem
1343 937 1574 995 imperator
1590 940 1724 982 Thoo-

347 1003 488 1048 dosius
503 1001 648 1043 libenti
668 1001 809 1043 animo
822 1003 1069 1059 suscipiens,
1085 1012 1128 1044 et
1150 1003 1353 1059 optimam
1366 1019 1454 1046 esse
1483 1004 1716 1054 confitens,

346 1069 481 1124 legem
505 1066 686 1110 describi
706 1076 878 1124 repente
899 1068 1125 1124 praecepit,
1151 1077 1193 1109 et
1214 1069 1379 1125 propria
1408 1085 1533 1111 manu
1556 1070 1720 1113 litteras

343 1131 624 1176 confirmavit.
654 1133 750 1182 Quo
782 1132 892 1175 sacto
914 1166 924 1181 ,
950 1134 1169 1175 vinculum
1192 1133 1284 1190 ejus
1308 1135 1432 1176 solvit
1454 1136 1717 1181 Ambrosius.

343 1199 447 1249 Quae
465 1199 531 1240 lex
552 1198 824 1245 observatum
857 1199 900 1240 in
931 1199 1001 1240 tali
1038 1215 1222 1256 namque
1257 1210 1403 1242 tenore
1424 1200 1532 1243 sacta
1562 1211 1625 1243 est
1656 1202 1724 1243 illa

344 1263 570 1320 descriptio
587 1296 597 1311 ,
624 1273 670 1306 ut
692 1264 723 1306 si
742 1280 847 1320 quos
869 1265 1105 1322 Imperator
1127 1266 1253 1307 morti
1273 1267 1533 1317 damnasset,
1561 1267 1641 1309 illis
1660 1269 1726 1309 lex

345 1329 513 1385 triginta
539 1329 703 1372 dierum
725 1340 988 1379 servaretur,
1016 1340 1057 1373 et
1081 1340 1174 1388 post
1198 1332 1368 1388 triginta
1389 1333 1476 1374 dies
1497 1334 1612 1389 quod
1635 1332 1727 1388 jus-

344 1405 432 1438 tum
456 1395 767 1451 perhiberetur,
802 1396 883 1438 hoc
915 1405 1120 1453 ageretur.
1157 1396 1226 1438 Sic
1266 1398 1395 1451 igitur
1417 1398 1729 1440 sacratissimus

344 1462 576 1518 Imperator
591 1461 752 1518 ingredi
776 1461 921 1503 limina
944 1478 1205 1520 praesumens
1228 1464 1442 1512 ecclesiae,
1469 1464 1661 1521 protinus
1684 1463 1729 1505 in

341 1528 584 1586 pavimento
607 1526 749 1582 jacens
766 1559 776 1574 ,
804 1527 1046 1569 Davidicam
1065 1543 1212 1570 vocem
1237 1530 1515 1585 proclamavit
1537 1528 1686 1570 dicens
1710 1543 1720 1569 :

352 1593 569 1636 «Adhaesit
606 1592 847 1648 pavimento
874 1592 1011 1634 anima
1041 1609 1127 1635 inea
1144 1626 1155 1641 ‚
1202 1592 1365 1635 vivifica
1391 1609 1458 1635 me
1485 1595 1725 1636 secundum

343 1659 547 1701 »verbum
577 1657 717 1699 tunm¹
740 1675 750 1705 ;
771 1675 785 1696 n
811 1660 1008 1699 manibus
1027 1659 1199 1716 capillos
1212 1657 1385 1709 vellens,
1410 1659 1573 1700 veniam
1596 1674 1616 1700 a
1637 1658 1727 1700 Deo

342 1723 558 1782 impetrari
580 1723 794 1780 poscebat.
812 1725 1006 1780 Cumque
1022 1733 1189 1781 tempus
1206 1727 1446 1772 accederet,
1463 1740 1547 1780 quo
1571 1739 1726 1766 munus

344 1793 400 1835 adr
423 1791 551 1832 altare
577 1789 740 1831 solebat
757 1788 934 1838 offerre,
958 1805 1135 1847 surgens
1160 1805 1258 1831 cnm
1280 1790 1479 1846 lacrymis
1501 1789 1725 1831 ecclesiam

343 1857 558 1913 ingressus
579 1863 657 1896 est.
700 1853 812 1896 Cum
842 1855 900 1910 (2)
925 1870 1025 1897 vero
1058 1856 1309 1904 obtulisset,
1341 1864 1391 1897 ut
1427 1855 1574 1897 solitus
1596 1862 1721 1903 erat,

344 1924 452 1964 inter
465 1921 675 1967 cancellos
695 1919 808 1961 stetit
825 1920 983 1962 altaris.
1004 1921 1212 1963 Reversus
1231 1920 1482 1962 Ambrosius
1499 1935 1595 1962 enm
1615 1928 1724 1961 stare

343 2004 426 2030 non
450 1986 639 2043 quievit,
665 1986 738 2027 sed
768 1985 1051 2028 differentiam
1077 1987 1270 2028 locorum
1296 1987 1496 2035 edocuit,
1523 1995 1565 2027 et
1589 1984 1724 2042 primo

342 2052 532 2111 quaesivit
548 2051 823 2108 quidibidem
835 2060 1092 2109 expectaret.
1117 2052 1378 2109 Imperatore
1396 2053 1584 2094 dicente:
1604 2051 1726 2092 osus-

341 2122 476 2163 tinere
490 2135 532 2161 se
552 2131 768 2162 sacrorum
785 2117 1085 2173 mysteriorum
1100 2118 1438 2175 perceptionem,
1455 2136 1471 2155 n
1490 2132 1566 2174 per
1587 2115 1725 2158 archi-

343 2187 567 2230 diaconum
593 2183 856 2225 remandavit
876 2182 1020 2224 dicens
1041 2199 1049 2223 :
1068 2183 1130 2225 «O
1144 2184 1396 2240 Imperator,
1412 2182 1609 2223 interiora
1627 2181 1719 2222 loca

343 2260 503 2294 tantum
527 2249 818 2292 sacerdotibus
842 2257 940 2289 sunt
961 2249 1132 2296 collata,
1159 2264 1250 2304 qua:
1273 2248 1412 2290 caetcri
1437 2261 1516 2288 nec
1538 2246 1720 2302 ingredi,

339 2332 418 2359 nec
444 2315 690 2372 contingere
712 2314 1030 2371 permittuntur.
1067 2314 1280 2371 Egredere
1297 2314 1439 2371 igitur,
1463 2322 1505 2354 et
1520 2312 1630 2353 hanc
1648 2327 1721 2353 cx-

340 2382 627 2441 pectationem
671 2394 772 2421 cum
807 2379 968 2421 caeteris
1000 2379 1157 2421 habeto
1196 2394 1484 2421 communem.
1529 2379 1721 2434 Purpura

341 2462 523 2504 namque
546 2445 848 2502 Imperatores,
865 2459 947 2486 non
963 2444 1217 2487 Sacerdotes
1232 2445 1370 2487 facit.»
1390 2444 1512 2486 Tunc
1526 2442 1724 2485 fidelissi-

387 2568 397 2589 ¹
415 2565 497 2598 Psal.
513 2574 625 2597 cxvnx.
645 2564 700 2594 25.

386 2644 531 2691 (1)Cod.
558 2642 715 2685 disponit.
733 2660 777 2667 --
803 2641 852 2687 (2)
872 2643 920 2675 Id.
946 2644 1029 2677 male
1047 2655 1195 2687 cumque.
1224 2659 1233 2666 ·
