1885 3284
168 296 312 326 SERMO
347 295 476 334 mox,
516 295 558 325 lN
598 295 754 325 Nat-xm
794 299 825 325 5.
872 295 1062 327 JOANNIS
1101 297 1319 328 BAP'risTAE
1359 301 1397 330 V.
1453 303 1511 349 29

144 361 309 408 Christi
330 378 417 407 non
452 360 590 407 defert
621 361 689 407 his
713 362 923 408 natalitiis
949 362 1263 408 solemnitatem
1287 401 1296 419 ‚
1326 382 1514 428 quorum

143 431 327 496 suscipit
347 442 475 495 atque
497 431 778 495 amplectitur
801 433 1043 496 passionem
1063 437 1081 478 ἱ)
1106 433 1222 479 Illud
1241 445 1304 479 est
1323 436 1514 493 scilicet,

139 502 537 567 dilectissimi‚quia
554 502 686 550 iidem
701 505 856 568 populi
869 504 957 550 dies
969 503 1251 568 illos‚quibus
1269 506 1516 570 Prophetas

141 574 356 639 persecuti
374 585 474 620 sunt
492 585 533 620 et
547 575 879 629 interfecerunt,
906 575 1072 621 tradere
1087 576 1225 621 cultui
1239 587 1281 622 et
1299 580 1519 625 memoriae

143 645 377 692 noluerunt
397 681 407 703 ‚
429 645 593 691 seilicet
617 664 670 692 ne
692 648 888 708 religiosa
905 647 1153 711 posteritas,
1190 647 1296 694 dum
1331 649 1519 697 actiones

144 717 404 763 Sanctorum
422 716 597 773 coleret,
620 719 758 764 scelus
776 728 1100 782 persecutorum
1119 735 1286 782 semper
1304 719 1517 778 horreret,

145 799 186 833 et
212 788 273 834 sic
293 787 589 834 oblitterando
613 799 853 851 martyrum
889 788 979 833 dies
997 825 1007 843 ‚
1033 787 1229 833 feceruut
1265 791 1519 837 memoriam

145 860 408 905 Sanctorum
431 858 642 904 natalium
676 876 762 905 non
799 877 886 905 esse
923 858 1206 915 diuturnam,
1234 858 1339 904 dum
1368 861 1521 906 timent

143 929 486 977 recordationem
498 929 710 976 malorum
727 948 856 976 suoru
865 947 904 975 m
915 947 1000 975 esse
1014 941 1287 993 perpetuam.
1309 930 1393 976 Sed
1411 931 1523 977 nihil

144 1001 273 1047 etiam
302 1010 443 1046 tamen
461 1011 640 1061 egerunt
662 1001 762 1048 haec
793 1000 1009 1047 faciendo.
1051 1001 1167 1057 Quid
1189 1001 1300 1046 euim
1326 1001 1385 1046 eis
1414 1019 1522 1065 pro-

145 1072 264 1129 dest,
292 1071 413 1135 quod
432 1070 524 1118 dies
544 1072 743 1135 martyrii
777 1088 925 1118 eorum
956 1072 1233 1131 ignoramus,
1271 1070 1378 1116 dum
1407 1072 1524 1135 ipsos

148 1143 361 1206 Martyres
380 1142 595 1190 novimus.
636 1142 761 1188 Nihil
789 1159 890 1203 ergo
913 1142 1211 1206 profecerunt.
1240 1141 1405 1187 Natalis
1423 1143 1525 1205 qui-

145 1213 243 1260 dem
265 1214 463 1260 omnium
486 1215 747 1260 Sanctorum
761 1231 841 1278 pro
861 1213 1037 1260 Christo
1062 1230 1287 1276 passorum
1312 1213 1420 1259 scire
1437 1231 1526 1259 non

146 1301 378 1349 possumus
399 1322 409 1342 ‚
437 1285 511 1331 sed
538 1296 680 1331 tamen
704 1284 903 1349 quotidie
927 1284 1174 1347 Prophetas
1194 1321 1203 1339 ‚
1227 1283 1301 1347 qui
1329 1301 1407 1347 pro
1432 1288 1525 1330 Deo

147 1357 262 1420 passi
285 1367 385 1403 sunt
409 1394 420 1414 ,
447 1356 740 1413 honoramus3
768 1374 817 1402 ac
841 1356 900 1402 sic
922 1354 1078 1415 grandi
1110 1355 1373 1419 compendio
1397 1355 1527 1401 detri-

148 1438 292 1474 menta
315 1428 465 1488 exigua
481 1437 737 1490 pensantur,
765 1443 889 1483 cum,
907 1425 1070 1490 quibus
1090 1425 1245 1484 singuli
1264 1425 1354 1470 dies
1367 1424 1528 1470 sublati

149 1509 251 1545 sunt
273 1515 352 1562 per
378 1498 644 1545 oblivionem
665 1535 676 1554 9
701 1514 828 1543 omne
858 1507 1031 1560 tempus
1058 1496 1269 1541 tribuitur
1289 1512 1366 1559 per
1390 1495 1528 1542 hono-

150 1586 255 1616 rem.

216 1642 275 1688 ll.
322 1641 441 1698 Quid
463 1658 564 1701 ergo
588 1651 685 1695 est,
711 1657 813 1685 cum
836 1640 935 1685 haec
960 1639 1016 1684 ita
1044 1639 1128 1684 sint
1163 1638 1261 1701 (1),
1300 1637 1408 1701 quid
1430 1648 1524 1694 est,

151 1714 270 1778 quod
291 1714 434 1760 natale
468 1724 636 1759 tautum
663 1714 800 1758 sancti
823 1713 1003 1757 joannis
1019 1749 1030 1768 ,
1055 1722 1127 1756 aut
1151 1729 1227 1774 per
1248 1711 1424 1767 odium,
1456 1722 1529 1758 aut

151 1803 232 1849 per
244 1785 546 1846 negligentiam
563 1784 835 1841 Judaeorum,
855 1782 1058 1828 fidelibus
1071 1800 1155 1827 non
1170 1782 1328 1828 delevit
1344 1782 1529 1828 oblivio?

157 1855 271 1902 lllud
295 1866 358 1902 est
391 1855 586 1911 scilicet,
623 1855 727 1917 quia
756 1871 803 1900 ex
830 1864 1024 1917 tempore
1051 1870 1140 1915 quo
1167 1853 1317 1898 beatus
1341 1853 1530 1898 Joaunes

153 1944 304 1991 passus
341 1937 383 1972 et
422 1926 673 1972 interfectus
709 1936 799 1981 est,
831 1928 922 1985 jam
952 1934 1149 1987 coeperat
1187 1924 1303 1969 nasci
1340 1923 1532 1987 populus

154 1997 443 2054 christianus,
472 2007 514 2042 et
547 1996 645 2042 ideo
670 1996 841 2042 cultum
866 1996 1098 2059 Martyris,
1133 2012 1262 2058 quem
1288 1994 1532 2054 neglectum

155 2067 411 2114 «ludaeorum
434 2066 594 2113 fecerat
608 2066 809 2130 impietas
825 2104 835 2122 ‚
856 2065 1208 2111 Christianorum
1237 2065 1371 2128 pietas
1388 2082 1533 2111 conse-

159 2141 328 2193 cravit3
359 2139 540 2185 maxime
564 2139 668 2203 quia
686 2137 786 2184 licet
803 2155 901 2184 eum
928 2138 1010 2183 sul)
1032 2137 1175 2183 Veteri
1198 2139 1307 2196 Lege
1329 2137 1532 2183 Christus

158 2210 385 2267 direxerit,
416 2228 504 2256 non
531 2221 614 2256 tam
652 2210 913 2256 Judaeorum
948 2208 1217 2272 Prophetam
1244 2224 1376 2272 quam
1406 2224 1532 2254 suum

158 2298 245 2327 esse
278 2283 510 2345 Martyrem
537 2281 772 2336 indicavit,
801 2280 904 2345 quia
918 2279 1166 2343 praedicans
1188 2278 1315 2324 {idem
1335 2277 1529 2335 Christi,

159 2356 249 2413 ejus
288 2353 439 2417 utique
465 2352 684 2398 confessor
709 2351 795 2397 fuit
815 2388 826 2408 ,
857 2354 982 2410 cujus
1005 2366 1252 2413 praecursor
1280 2348 1525 2396 advenerat.

165 2425 324 2484 Etjam
354 2423 599 2470 doctrinam
629 2422 923 2483 evangelicam
950 2422 1069 2485 prius
1093 2420 1306 2466 inchoans
1327 2457 1338 2476 ‚
1378 2438 1457 2483 pro
1483 2438 1532 2466 eo

164 2497 313 2561 utique
332 2513 481 2560 passus
501 2506 562 2541 est
587 2495 839 2559 martyrium
865 2531 876 2551 ,
909 2497 1036 2554 cujus
1063 2491 1340 2538 annuntiavit
1376 2491 1531 2538 adven-

211 2629 259 2677 ti)
279 2630 357 2664 Cod.
379 2639 464 2663 sunt,
