1868 3301
305 266 397 320 354
566 279 599 307 s.
644 276 889 306 inmensum
929 274 1130 304 amscom
1174 274 1412 305 Aprssmnlx.

303 346 472 387 imitari.
515 343 634 385 Tales
657 351 754 384 suut
786 347 1116 383 murmuratores
1154 350 1196 382 et
1226 340 1469 396 querulosi,
1498 355 1679 398 pauper-

303 419 432 454 tatem
466 410 577 451 Petri
613 409 934 453 conculcantes,
971 405 1206 447 doctrinam
1231 406 1345 448 Pauli
1374 406 1680 464 despicientes,

304 476 568 519 ambulantes
593 474 634 515 in
661 472 878 515 desideriis
902 471 1011 520 suis,
1036 471 1135 512 etin
1157 487 1228 513 ore
1253 473 1437 529 ipsorum
1464 473 1680 514 abundan-

304 552 366 585 tes
389 539 588 597 superbia
632 539 689 594 (1)
713 570 722 588 ,
753 547 794 580 ct
817 537 1061 579 minitantes
1082 551 1303 593 personas,
1332 546 1378 579 ut
1398 545 1578 594 quoestus
1605 553 1678 594 ap-

304 614 489 665 portent.
744 614 749 616 “

365 672 436 713 Ill.
480 669 642 713 Nonsie
666 667 878 726 Apostoli;
902 667 1034 710 sedin
1053 668 1371 710 conversatione
1395 668 1579 725 angelica
1598 668 1684 711 vita

305 747 350 781 et
368 735 560 778 doctriua
579 735 784 781 viventes,
821 748 915 774 vere
945 734 1009 774 isti
1029 742 1126 775 sunt
1143 734 1200 776 illi
1225 734 1306 776 duo
1330 733 1551 790 Seraphim
1575 743 1688 776 stan-

305 812 367 845 tes
399 816 527 859 super
560 799 791 856 temp}‹1n1¹
812 815 822 846 ;
856 814 928 840 sex
950 801 1022 841 alae
1046 808 1166 842 erant
1186 800 1285 847 uni,
1309 809 1351 841 et
1376 815 1444 840 sex
1471 801 1542 841 alae
1568 808 1686 842 erant:

309 868 440 911 alteri.
471 867 522 908 Et
544 866 644 922 quid
672 880 744 921 per
766 879 836 905 sex
860 866 942 906 alas
965 865 1089 922 primi
1110 897 1120 913 ,
1147 865 1223 906 nisi
1247 880 1317 906 sex
1338 865 1447 907 Petri
1472 880 1687 923 praeroga-

308 935 410 977 tivas
427 941 470 973 et
495 930 765 972 excellentias
793 929 1077 985 intelligamus
1106 930 1197 985 (2)?
1233 931 1450 972 Debentur
1472 930 1585 971 enim
1611 944 1688 987 per

309 997 603 1041 excellentiam
626 995 787 1051 singula
811 994 984 1052 singulis
1000 1026 1010 1044 ‚
1036 1002 1081 1036 ut
1099 997 1150 1036 <le
1168 996 1331 1052 singulo
1351 1011 1499 1037 eorum
1517 1010 1614 1037 vere
1630 996 1690 1038 di-

309 1078 455 1106 camus
478 1076 520 1102 :a
541 1060 634 1102 Non
659 1069 722 1102 est
745 1060 938 1101 inventus
961 1059 1001 1101 in
1020 1060 1151 1117 gloria
1175 1061 1230 1102 illi
1249 1062 1306 1116 (5)
1333 1060 1548 1102 similis2.»
1564 1061 1690 1112 Quod

310 1132 446 1176 enim,
477 1128 626 1169 fratres
646 1126 754 1175 mei,
783 1125 861 1167 suit
885 1125 995 1168 Petri
1023 1126 1205 1183 primum
1239 1127 1400 1168 donum
1423 1160 1432 1174 ,
1457 1127 1687 1169 videamus.

312 1194 530 1251 Numquid
552 1208 635 1234 non
657 1194 715 1248 (4)
743 1192 850 1234 inter
881 1193 1106 1249 Apostolos
1135 1193 1248 1249 prior
1275 1193 1410 1235 extitit
1440 1194 1658 1236 ordinatus
1680 1227 1690 1242 ‚

313 1277 459 1305 curam
481 1275 629 1317 gerens
654 1259 843 1300 omnium
864 1259 1149 1300 Eeclesiarum
1171 1258 1189 1299 Ξ)
1221 1259 1316 1315 Ipse
1344 1258 1525 1315 denique
1547 1259 1694 1302 Petrus

315 1335 487 1370 vocatus
507 1334 569 1366 est
593 1339 611 1366 a
639 1324 822 1365 Domino
854 1322 999 1365 Simon
1016 1357 1025 1372 ‚
1052 1332 1229 1381 propter
1253 1324 1535 1366 obedientiam
1560 1324 1697 1367 humi-

313 1393 465 1439 litatis3
490 1397 665 1431 vocatus
683 1397 745 1430 cst
769 1388 932 1444 Ceplias
955 1399 1131 1446 propter
1154 1389 1432 1431 constantiam
1456 1389 1693 1440 firmitati53

318 1466 491 1500 vocatus
513 1463 575 1496 est
594 1454 743 1497 Petrus
771 1462 947 1511 propter
981 1455 1268 1496 innocentiam
1306 1455 1504 1496 veritatis.
1533 1455 1585 1497 Et
1607 1455 1665 1497 sic
1684 1489 1694 1505 ‚

316 1525 467 1567 fratres
490 1521 602 1569 mei,
630 1519 882 1576 aspiciamus
904 1520 1074 1561 Petrum
1097 1519 1181 1562 fide
1205 1520 1495 1561 sublimiorem
1515 1554 1524 1569 ‚
1553 1536 1697 1563 amore

316 1588 635 1634 ferventiorem,
663 1595 926 1627 secretorum
949 1585 1279 1627 familiariorem.
1307 1585 1478 1636 Quanto
1501 1587 1613 1628 enim
1638 1587 1698 1629 sa-

318 1653 536 1702 miliarior,
564 1659 681 1693 tanto
707 1651 835 1692 morti
875 1650 1014 1692 crucis
1037 1651 1223 1692 similior.
1266 1650 1532 1707 Aspiciamus
1567 1653 1693 1695 etiam

317 1722 490 1765 Petrum
508 1716 722 1760 miraculis
746 1716 994 1769 clariorem,
1015 1715 1178 1759 cunctis
1202 1717 1451 1759 auctoritate
1468 1725 1510 1759 et
1525 1717 1696 1775 majori-

320 1797 405 1831 tate
422 1784 696 1844 superiorem.

379 1852 450 1895 IV.
487 1851 599 1893 Ecce
624 1847 849 1903 Seraphim
875 1847 991 1904 prior
1010 1861 1081 1888 sex
1104 1846 1177 1888 alis
1200 1855 1398 1896 ornatus,
1423 1848 1499 1890 sed
1521 1847 1594 1890 ubi
1618 1849 1700 1892 sint

321 1934 391 1963 sex
407 1919 481 1960 alae
510 1915 680 1958 alterius
698 1914 928 1955 videamus.
965 1913 1042 1954 Ubi
1060 1913 1194 1969 prima
1211 1913 1328 1955 Pauli
1353 1914 1415 1955 ala
1432 1945 1443 1962 ,
1467 1913 1543 1956 nisi
1571 1915 1702 1958 since-

321 1986 422 2028 ritas
451 1983 510 2039 (5)
530 1980 734 2024 mirabilis
757 1979 1042 2021 conversionis
1058 1978 1325 2021 PPraeventus
1343 1980 1529 2022 cstenim
1547 1981 1702 2023 Paulus

326 2050 465 2095 divina
489 2046 730 2105 dignatione
750 2046 906 2102 absque
918 2044 1086 2102 propria
1104 2044 1379 2102 dispositione
1394 2079 1404 2094 ‚
1432 2055 1527 2088 actu
1546 2047 1700 2104 persis·

326 2127 417 2161 tens
433 2116 474 2157 in
495 2112 813 2171 persecutione,
830 2119 869 2152 ct
888 2109 1090 2152 reductus
1107 2119 1168 2152 est
1183 2125 1203 2152 a
1219 2125 1343 2167 prava
1363 2111 1694 2155 conversatione.

327 2183 404 2226 Ubi
425 2183 553 2224 altera
577 2178 799 2234 Seraphim
822 2178 907 2225 ala,
932 2176 1012 2218 nisi
1036 2176 1259 2218 strenuitas
1281 2176 1486 2219 mirabilis
1520 2192 1699 2220 conver-

328 2247 499 2294 sationis
514 2245 532 2287 Ξ)
548 2243 845 2287 Abundantius
868 2243 1064 2284 omnibus
1085 2241 1300 2299 Apostolis
1323 2242 1531 2285 laboravit
1547 2242 1582 2293 ³,
1604 2243 1699 2300 quia

329 2313 520 2358 diffusius
542 2310 710 2368 scripsit
730 2341 741 2359 ‚
766 2323 894 2366 quam
915 2308 1061 2365 aliquis
1084 2308 1385 2366 Apostolorum
1402 2341 1413 2358 ,
1442 2309 1565 2352 latius
1597 2324 1702 2367 ope-

330 2388 445 2423 ratus
474 2385 536 2420 est
568 2374 785 2422 manibus,
811 2375 957 2417 nolens
985 2372 1174 2432 recipere
1198 2373 1508 2432 praedicationis
1534 2373 1700 2418 fructus

377 2486 389 2507 ¹
410 2483 484 2517 Isa'i.
500 2492 543 2520 vi,
559 2491 590 2512 2.
606 2498 649 2504 -
664 2478 680 2501 2
697 2478 796 2512 Eccli.
815 2490 905 2523 μιν,
927 2490 982 2514 20.
1000 2497 1045 2504 —
1061 2477 1076 2503 3
1097 2491 1110 2511 x
1133 2481 1210 2515 Cor.
1228 2490 1284 2524 xv,
1309 2490 1360 2515 10.

379 2564 428 2611 (ι)
447 2564 529 2600 Cod.
553 2560 748 2607 superbiam.
771 2579 816 2588 ·-
830 2561 877 2605 (α)
904 2564 1001 2594 Deest
1018 2562 1052 2594 iu
1078 2561 1152 2595 cod.
1168 2561 1301 2594 verbum
1328 2561 1562 2606 intelligamus,
1584 2580 1633 2590 --
1648 2563 1700 2611 (3)

325 2623 408 2659 Cod.
426 2619 498 2656 sibi,
516 2640 559 2647 ···
580 2621 629 2664 (4)
653 2622 749 2654 Deest
765 2618 879 2654 nonin
897 2618 971 2657 cod.
990 2639 1031 2646 »-
1046 2618 1095 2664 (5)
1109 2617 1196 2656 Cod.
1212 2618 1418 2654 sinceritatis.
