1868 3301
189 316 330 347 sERMo
366 317 469 356 Lxx,
509 317 555 346 1N
592 314 750 346 ΝΑτΑιι
788 314 941 345 εΑΝοΤι
982 314 1218 345 [Acamwu
1260 316 1306 343 u.
1382 298 1475 362 369

107 381 203 424 ideo
225 391 314 425 esto
338 383 397 423 vir
419 383 554 429 sortis,
583 383 768 438 praeliare
792 382 900 422 bella
927 381 1109 422 Domini.
1126 382 1280 433 »Quod
1304 382 1476 421 audiens

111 446 251 489 Levita
273 448 522 490 Laurentius
556 448 794 504 cogitabat,
827 446 1041 502 quomodo
1074 461 1150 502 pro
1183 445 1350 487 Christo
1382 459 1474 486 car·

109 527 205 555 nem
229 513 446 569 subjiciat,
477 516 688 570 quomodo
721 513 882 555 hostem
908 511 1093 565 dejiciat,
1117 514 1330 567 quomodo
1352 527 1478 552 mun-

111 578 210 619 dum
230 578 450 635 despiciat.
472 580 686 634 quomodo
710 593 786 635 pro
809 577 976 619 Christo
998 585 1175 618 mortem
1196 578 1406 634 suscipiat.
1427 576 1480 618 Et

110 657 210 684 ecce
232 645 332 685 dum
351 644 432 685 hoc
451 645 625 701 cogitat,
653 652 744 700 post
768 644 877 685 diem
903 643 1066 684 tertiam
1082 675 1093 691 ,
1112 643 1222 684 sacto
1245 643 1481 685 ostenditur

110 708 239 765 patris
261 708 386 765 Xysti
409 709 657 751 venerabilis
693 709 942 750 obedientia·
984 709 1315 765 obtemperator,
1346 724 1481 750 mem-

111 773 283 815 brorum
309 774 464 816 Christi
485 790 719 832 pauperum
742 774 1018 816 fertilissimus
1041 783 1268 821 recreator,
1290 774 1482 815 divinita-

113 838 164 880 tis
197 838 448 896 magnificus
477 841 715 897 ampliator,
747 848 902 881 sanctae
932 839 1029 881 fidei
1057 840 1387 880 solemnissimus
1416 839 1485 880 de-

112 904 271 950 sens-or,
301 904 580 961 malignorum
604 905 875 946 militantium
903 904 1153 946 saevissimus
1179 912 1480 962 propugnator.

111 968 223 1011 Ecce
242 1001 253 1015 .
272 970 444 1017 fratres,
470 971 684 1026 quomodo
709 970 948 1026 adimplevit
974 970 1099 1026 patris
1125 979 1360 1028 praecepta;
1386 983 1485 1011 ecce

113 1035 423 1091 quomodo‘fuit
445 1035 483 1076 in
509 1036 673 1077 cunctis
699 1036 758 1076 vir
776 1036 917 1084 l'ortis3
939 1051 1038 1077 ecce
1062 1038 1276 1092 quomodo
1299 1035 1489 1077 cucurrit

114 1101 155 1142 in
174 1100 328 1152 stadi0,
350 1109 391 1142 et
415 1103 626 1142 currendo
651 1102 808 1158 recepit
829 1102 1018 1143 bravium
1043 1102 1231 1158 gloriosae
1256 1101 1452 1143 victoriae.

176 1167 225 1208 ll.
245 1166 334 1213 Eia,
360 1175 503 1208 sancte
519 1166 660 1208 Levita
686 1167 898 1216 Laurenti,
927 1167 988 1207 vir
1011 1167 1234 1208 fortissimo
1255 1168 1293 1207 in
1315 1167 1484 1208 convin-

114 1231 250 1273 cendo
268 1263 277 1279 ‚
309 1230 581 1279 debellando,
609 1231 836 1288 praeliando
862 1247 988 1288 super
1010 1232 1150 1273 omnia
1175 1232 1400 1273 fortissima
1418 1247 1491 1289 ge-

114 1311 214 1338 nera
249 1303 558 1337 tormentorum
582 1328 591 1343 ‚
631 1296 784 1352 quibus
822 1311 976 1353 corpus
1021 1305 1138 1337 tuum
1178 1296 1491 1337 sanctissimum

116 1361 322 1402 tradidisti
361 1361 620 1409 voluntarie;
661 1361 722 1402 eia
742 1395 749 1407 ,
790 1361 1019 1418 Martyrum
1055 1375 1220 1417 gemma
1245 1360 1486 1402 clarissima.

116 1426 313 1482 Magnum
344 1434 386 1467 et
423 1425 670 1467 admirabile
702 1428 989 1482 spectaculum
1023 1425 1118 1466 fidei
1154 1435 1332 1473 nostrae,
1370 1434 1494 1481 atque

119 1490 417 1548 propheticum
435 1492 689 1547 stupendum
708 1492 829 1531 valde
847 1491 1096 1532 miraculum
1117 1492 1125 1531 l
1146 1510 1158 1527 ι·
1177 1490 1359 1532 Videbat
1376 1505 1493 1531 nam-

119 1571 227 1613 »que
258 1556 443 1612 Moyses,
472 1557 587 1611 quod
619 1557 748 1597 rubus
779 1558 942 1597 arderet
966 1558 1027 1612 (ι)
1047 1589 1055 1600 ,
1080 1565 1123 1598 et
1151 1571 1232 1597 non
1267 1556 1490 1598 combure-

119 1630 264 1663 nretur
281 1622 313 1670 ¹3
333 1642 347 1659 η
365 1621 531 1663 videbat
557 1621 598 1662 in
617 1620 775 1678 Spiritu
795 1631 987 1663 sanctum
1006 1621 1282 1663 Laurentium
1304 1621 1493 1663 Levitam

117 1703 243 1745 super
265 1689 402 1745 ignem
426 1687 631 1744 positum.
652 1702 729 1729 nec
751 1689 1109 1736 comburebatur;
1129 1690 1202 1730 sed
1223 1696 1382 1744 quanto
1401 1689 1492 1744 plus

120 1769 140 1795 a
163 1753 262 1795 soris
292 1753 485 1795 comburi
517 1753 753 1802 videbatur,
783 1763 899 1796 tauto
930 1756 1021 1810 plus
1045 1754 1157 1796 intus
1181 1754 1321 1796 divino
1349 1769 1493 1795 amore

121 1820 268 1861 ardere
292 1820 526 1861 videbatur.
554 1819 685 1866 Ecce,
714 1820 881 1866 fratres,
902 1822 1114 1876 quomodo
1136 1821 1213 1862 suit
1235 1820 1296 1861 vir
1319 1820 1435 1862 sortis
1451 1820 1491 1861 in

120 1885 323 1933 vinculis,
355 1885 394 1926 in
429 1885 692 1932 carceribus,
733 1885 773 1925 in
802 1885 1117 1942 scorpionibus,
1162 1885 1202 1926 in
1238 1884 1422 1933 facibus,
1451 1885 1491 1926 in

119 1951 412 2007 lampadibus,
446 1950 487 1991 in
516 1949 680 1991 laminis
713 1951 921 2007 plumbeis
941 1982 954 1999 ,
987 1952 1025 1991 in
1065 1951 1232 2007 ungulis
1257 1950 1427 1997 ferreis,
1454 1951 1493 1991 in

120 2017 231 2058 lecto
256 2015 407 2071 ignito,
433 2016 473 2056 in
496 2025 609 2057 crate
628 2048 638 2063 ‚
665 2016 705 2056 in
731 2015 862 2057 furcis
892 2015 1060 2064 ferreis,
1092 2016 1131 2057 iu
1153 2016 1409 2057 carbonibus
1433 2016 1489 2056 vi-

123 2081 315 2123 vissimis.
337 2080 449 2123 Ecce
466 2081 679 2135 quomodo
704 2082 834 2123 rubus
859 2082 935 2123 iste
960 2081 1236 2139 corporaliter
1258 2082 1390 2129 ardet,
1416 2097 1493 2123 nec

123 2155 263 2189 tamen
286 2147 551 2195 comburitur
579 2147 690 2188 intus
709 2180 717 2194 ‚
747 2148 820 2188 sed
843 2162 1022 2204 semper,
1048 2156 1094 2188 ut
1117 2147 1322 2196 diximus,
1347 2146 1496 2188 fortius

125 2212 384 2255 accenditur.
407 2213 460 2254 Et
484 2213 697 2269 quomodo
720 2212 800 2254 hoc
820 2212 1010 2254 scimus?
1032 2213 1110 2254 Per
1137 2213 1246 2254 vocis
1268 2213 1383 2269 signa
1410 2214 1489 2268 (2).

123 2279 226 2336 Ipsae
255 2293 437 2335 namque
467 2293 592 2321 voces
622 2279 684 2335 (5)
721 2287 818 2320 sunt
857 2279 971 2335 signa
1004 2294 1147 2320 earum
1180 2294 1271 2335 quae
1314 2288 1410 2320 sunt
1454 2281 1496 2320 in

126 2344 264 2385 anima
289 2343 542 2400 passionum.
573 2344 664 2385 Istae
692 2345 768 2400 (4),
798 2346 910 2400 quod
936 2344 1045 2386 intus
1067 2344 1191 2386 etiam
1212 2346 1337 2393 latet,
1364 2359 1497 2386 num-

126 2410 228 2466 quid
251 2411 302 2452 ad
325 2410 530 2452 exteriora
548 2410 736 2451 membra
761 2424 843 2451 non
873 2410 930 2465 (5)
953 2409 1238 2451 denuntiant?
1260 2411 1370 2452 Ecce
1396 2425 1496 2468 ergo

176 2499 183 2518 ¹
206 2495 372 2534 Exod.111‚
388 2507 418 2527 2.

175 2560 224 2605 (1)
251 2560 335 2595 Cod.
364 2560 445 2592 male
459 2561 637 2594 ardebat...
665 2561 922 2594 comburebatur.
950 2578 996 2585 —
1013 2560 1061 2605 (2)
1081 2561 1129 2595 Id.
1145 2573 1208 2603 per
1224 2573 1321 2593 voces
1347 2570 1378 2592 et
1391 2561 1498 2604 signa.

128 2637 177 2661 —.
191 2615 240 2658 (3)
259 2617 309 2651 ld.
336 2618 418 2649 male
436 2617 506 2660 ipsa
523 2617 662 2660 denique
676 2618 769 2660 signa
783 2626 857 2648 sunt
874 2618 968 2660 signa
985 2618 1016 2648 ei
1034 2629 1154 2649 earum.
1180 2637 1217 2641 -ff
1251 2616 1302 2661 (4)
1333 2617 1380 2648 Id.
1410 2625 1498 2649 nota.

124 2692 178 2718 -—
193 2675 244 2717 (5)
266 2676 364 2706 Deest
379 2686 444 2706 non
465 2674 498 2706 in
516 2674 599 2717 cod.‚
621 2680 656 2705 ut
672 2684 811 2717 semper,
826 2681 858 2706 et
873 2674 917 2706 sic
933 2674 1096 2719 deinceps.

266 2760 267 2764 =
286 2745 426 2780 cxxxl
446 2730 541 2778 bis.
1276 2731 1338 2786 24
