<?xml version="1.0" encoding="UTF-8"?>
<!DOCTYPE html PUBLIC "-//W3C//DTD XHTML 1.0 Transitional//EN"
    "http://www.w3.org/TR/xhtml1/DTD/xhtml1-transitional.dtd">
<html xmlns="http://www.w3.org/1999/xhtml" xml:lang="en" lang="en">
 <head>
  <title>
</title>
<meta http-equiv="Content-Type" content="text/html;charset=utf-8" />
  <meta name='ocr-system' content='tesseract 3.04.00' />
  <meta name='ocr-capabilities' content='ocr_page ocr_carea ocr_par ocr_line ocrx_word'/>
</head>
<body>
  <div class='ocr_page' id='page_1' title='image "./p2operaomniaaccu24auguuoft_0052.png"; bbox 0 0 1885 3284; ppageno 0'>
   <div class='ocr_carea' id='block_1_1' title="bbox 329 307 1298 360">
    <p class='ocr_par' dir='ltr' id='par_1_1' title="bbox 329 307 1298 360">
     <span class='ocr_line' id='line_1_1' title="bbox 329 307 1298 360; baseline -0.003 -11"><span class='ocrx_word' id='word_1_1' title='bbox 329 307 387 360; x_wconf 72' lang='lat'>,42</span> <span class='ocrx_word' id='word_1_2' title='bbox 729 319 763 347; x_wconf 82' lang='lat' dir='ltr'>s.</span> <span class='ocrx_word' id='word_1_3' title='bbox 810 317 1054 348; x_wconf 71' lang='lat' dir='ltr'>Auousrlm</span> <span class='ocrx_word' id='word_1_4' title='bbox 1093 316 1298 348; x_wconf 73' lang='lat' dir='ltr'>EPIscom</span> 
     </span>
    </p>
   </div>
   <div class='ocr_carea' id='block_1_2' title="bbox 328 382 1716 2485">
    <p class='ocr_par' dir='ltr' id='par_1_2' title="bbox 328 382 1700 514">
     <span class='ocr_line' id='line_1_2' title="bbox 328 382 1700 448; baseline 0.001 -19"><span class='ocrx_word' id='word_1_5' title='bbox 328 383 591 448; x_wconf 86' lang='lat' dir='ltr'>perillustres</span> <span class='ocrx_word' id='word_1_6' title='bbox 618 384 657 446; x_wconf 86' lang='lat'>(1</span> <span class='ocrx_word' id='word_1_7' title='bbox 674 404 682 438; x_wconf 77' lang='lat'><em>)</em></span> <span class='ocrx_word' id='word_1_8' title='bbox 706 399 982 428; x_wconf 90' lang='lat' dir='ltr'>communem</span> <span class='ocrx_word' id='word_1_9' title='bbox 1008 382 1089 428; x_wconf 88' lang='lat' dir='ltr'>sibi</span> <span class='ocrx_word' id='word_1_10' title='bbox 1131 393 1348 428; x_wconf 82' lang='lat' dir='ltr'>sacrarent</span> <span class='ocrx_word' id='word_1_11' title='bbox 1376 382 1517 439; x_wconf 85' lang='lat' dir='ltr'>diem,</span> <span class='ocrx_word' id='word_1_12' title='bbox 1546 384 1590 430; x_wconf 87' lang='lat' dir='ltr'>in</span> <span class='ocrx_word' id='word_1_13' title='bbox 1611 401 1700 448; x_wconf 90' lang='lat' dir='ltr'>quo</span> 
     </span>
     <span class='ocr_line' id='line_1_3' title="bbox 328 420 1562 514; baseline -0.001 -14"><span class='ocrx_word' id='word_1_14' title='bbox 328 454 527 500; x_wconf 83' lang='lat' dir='ltr'>vicerunt</span> <span class='ocrx_word' id='word_1_15' title='bbox 553 453 795 508; x_wconf 79' lang='lat' dir='ltr'>mundum,</span> <span class='ocrx_word' id='word_1_16' title='bbox 818 464 860 498; x_wconf 91' lang='lat' dir='ltr'>et</span> <span class='ocrx_word' id='word_1_17' title='bbox 878 470 1017 514; x_wconf 86' lang='lat' dir='ltr'>regem</span> <span class='ocrx_word' id='word_1_18' title='bbox 1047 453 1180 498; x_wconf 86' lang='lat' dir='ltr'>secuti</span> <span class='ocrx_word' id='word_1_19' title='bbox 1204 420 1562 501; x_wconf 80' lang='lat' dir='ltr'>suntChristuin.</span> 
     </span>
    </p>

    <p class='ocr_par' dir='ltr' id='par_1_3' title="bbox 330 523 1714 1990">
     <span class='ocr_line' id='line_1_4' title="bbox 395 523 1696 587; baseline 0.002 -18"><span class='ocrx_word' id='word_1_20' title='bbox 395 526 454 572; x_wconf 91' lang='lat' dir='ltr'>ll.</span> <span class='ocrx_word' id='word_1_21' title='bbox 503 524 542 570; x_wconf 93' lang='grc' dir='ltr'><strong>Ο</strong></span> <span class='ocrx_word' id='word_1_22' title='bbox 565 525 675 569; x_wconf 82' lang='lat' dir='ltr'>mira</span> <span class='ocrx_word' id='word_1_23' title='bbox 701 524 896 587; x_wconf 82' lang='lat' dir='ltr'>potentia</span> <span class='ocrx_word' id='word_1_24' title='bbox 920 535 961 569; x_wconf 89' lang='lat' dir='ltr'>et</span> <span class='ocrx_word' id='word_1_25' title='bbox 992 523 1222 569; x_wconf 78' lang='lat' dir='ltr'>ineffabilis</span> <span class='ocrx_word' id='word_1_26' title='bbox 1259 524 1394 583; x_wconf 72' lang='grc' dir='ltr'>σιΓιιίιι</span> <span class='ocrx_word' id='word_1_27' title='bbox 1433 524 1696 572; x_wconf 79' lang='lat' dir='ltr'>salvatoris!</span> 
     </span>
     <span class='ocr_line' id='line_1_5' title="bbox 331 559 1702 657; baseline 0.001 -17"><span class='ocrx_word' id='word_1_28' title='bbox 331 595 441 651; x_wconf 89' lang='lat' dir='ltr'>Quis</span> <span class='ocrx_word' id='word_1_29' title='bbox 464 605 784 657; x_wconf 82' lang='lat' dir='ltr'><strong>persecutorem</strong></span> <span class='ocrx_word' id='word_1_30' title='bbox 812 595 992 640; x_wconf 84' lang='lat' dir='ltr'>Saulum</span> <span class='ocrx_word' id='word_1_31' title='bbox 1014 604 1247 656; x_wconf 76' lang='lat' dir='ltr'>martyrem</span> <span class='ocrx_word' id='word_1_32' title='bbox 1259 559 1564 641; x_wconf 54' lang='lat' dir='ltr'>t’crederetesse</span> <span class='ocrx_word' id='word_1_33' title='bbox 1575 595 1702 642; x_wconf 88' lang='lat' dir='ltr'>futu-</span> 
     </span>
     <span class='ocr_line' id='line_1_6' title="bbox 333 665 1705 728; baseline 0 -17"><span class='ocrx_word' id='word_1_34' title='bbox 333 669 464 711; x_wconf 71' lang='lat' dir='ltr'>rum?</span> <span class='ocrx_word' id='word_1_35' title='bbox 489 665 586 728; x_wconf 89' lang='lat' dir='ltr'>quis</span> <span class='ocrx_word' id='word_1_36' title='bbox 621 665 842 728; x_wconf 72' lang='lat' dir='ltr'>plebeium</span> <span class='ocrx_word' id='word_1_37' title='bbox 869 667 1130 728; x_wconf 82' lang='lat' dir='ltr'>piscatorem</span> <span class='ocrx_word' id='word_1_38' title='bbox 1172 665 1477 727; x_wconf 82' lang='lat' dir='ltr'>Apostolorum</span> <span class='ocrx_word' id='word_1_39' title='bbox 1507 665 1599 711; x_wconf 89' lang='lat' dir='ltr'>fore</span> <span class='ocrx_word' id='word_1_40' title='bbox 1641 668 1705 728; x_wconf 69' lang='lat'>(¹2)</span> 
     </span>
     <span class='ocr_line' id='line_1_7' title="bbox 330 734 1701 798; baseline 0 -17"><span class='ocrx_word' id='word_1_41' title='bbox 330 735 521 781; x_wconf 87' lang='lat' dir='ltr'>crederet</span> <span class='ocrx_word' id='word_1_42' title='bbox 553 735 803 798; x_wconf 79' lang='lat' dir='ltr'>principem</span> <span class='ocrx_word' id='word_1_43' title='bbox 824 772 834 788; x_wconf 75' lang='lat'><em>‚</em></span> <span class='ocrx_word' id='word_1_44' title='bbox 858 745 899 780; x_wconf 92' lang='lat' dir='ltr'>et</span> <span class='ocrx_word' id='word_1_45' title='bbox 926 735 1101 795; x_wconf 83' lang='lat' dir='ltr'>regibus</span> <span class='ocrx_word' id='word_1_46' title='bbox 1120 734 1346 791; x_wconf 82' lang='lat' dir='ltr'>obsistere,</span> <span class='ocrx_word' id='word_1_47' title='bbox 1368 752 1484 794; x_wconf 86' lang='lat' dir='ltr'>reges</span> <span class='ocrx_word' id='word_1_48' title='bbox 1503 736 1701 781; x_wconf 80' lang='lat' dir='ltr'>sanctifi-</span> 
     </span>
     <span class='ocr_line' id='line_1_8' title="bbox 331 805 1702 868; baseline 0 -16"><span class='ocrx_word' id='word_1_49' title='bbox 331 823 429 852; x_wconf 85' lang='lat' dir='ltr'>care</span> <span class='ocrx_word' id='word_1_50' title='bbox 445 843 455 854; x_wconf 80' lang='grc'><strong>.</strong></span> <span class='ocrx_word' id='word_1_51' title='bbox 484 806 625 865; x_wconf 83' lang='lat' dir='ltr'>regnis</span> <span class='ocrx_word' id='word_1_52' title='bbox 639 806 844 851; x_wconf 88' lang='lat' dir='ltr'>omnibus</span> <span class='ocrx_word' id='word_1_53' title='bbox 859 806 1089 868; x_wconf 84' lang='lat' dir='ltr'>imperare,</span> <span class='ocrx_word' id='word_1_54' title='bbox 1112 805 1325 850; x_wconf 88' lang='lat' dir='ltr'>mundum</span> <span class='ocrx_word' id='word_1_55' title='bbox 1347 823 1496 851; x_wconf 83' lang='lat' dir='ltr'>sanare</span> <span class='ocrx_word' id='word_1_56' title='bbox 1519 805 1702 866; x_wconf 81' lang='lat' dir='ltr'>legibus,</span> 
     </span>
     <span class='ocr_line' id='line_1_9' title="bbox 331 875 1707 938; baseline 0.001 -17"><span class='ocrx_word' id='word_1_57' title='bbox 331 876 551 922; x_wconf 81' lang='lat' dir='ltr'>‹laemones</span> <span class='ocrx_word' id='word_1_58' title='bbox 568 875 735 921; x_wconf 82' lang='lat' dir='ltr'>calcare</span> <span class='ocrx_word' id='word_1_59' title='bbox 752 875 834 920; x_wconf 86' lang='lat' dir='ltr'>sub</span> <span class='ocrx_word' id='word_1_60' title='bbox 854 875 1064 938; x_wconf 38' lang='lat' dir='ltr'>pedibusu</span> <span class='ocrx_word' id='word_1_61' title='bbox 1088 875 1299 938; x_wconf 78' lang='lat' dir='ltr'>imperare</span> <span class='ocrx_word' id='word_1_62' title='bbox 1323 876 1558 922; x_wconf 87' lang='lat' dir='ltr'>virtutibus</span> <span class='ocrx_word' id='word_1_63' title='bbox 1578 914 1588 932; x_wconf 90' lang='lat'>,</span> <span class='ocrx_word' id='word_1_64' title='bbox 1616 893 1707 922; x_wconf 86' lang='lat' dir='ltr'>coe-</span> 
     </span>
     <span class='ocr_line' id='line_1_10' title="bbox 332 944 1709 1010; baseline 0.001 -19"><span class='ocrx_word' id='word_1_65' title='bbox 332 947 423 992; x_wconf 89' lang='lat' dir='ltr'>lum</span> <span class='ocrx_word' id='word_1_66' title='bbox 450 945 706 991; x_wconf 45' lang='lat' dir='ltr'>‘hominibus</span> <span class='ocrx_word' id='word_1_67' title='bbox 740 945 906 1008; x_wconf 79' lang='lat' dir='ltr'>aperire</span> <span class='ocrx_word' id='word_1_68' title='bbox 936 961 1035 990; x_wconf 92' lang='lat' dir='ltr'>cum</span> <span class='ocrx_word' id='word_1_69' title='bbox 1059 944 1212 1001; x_wconf 77' lang='lat' dir='ltr'>vellet,</span> <span class='ocrx_word' id='word_1_70' title='bbox 1239 945 1439 992; x_wconf 75' lang='lat' dir='ltr'>claudere</span> <span class='ocrx_word' id='word_1_71' title='bbox 1482 963 1583 992; x_wconf 91' lang='lat' dir='ltr'>cum</span> <span class='ocrx_word' id='word_1_72' title='bbox 1612 946 1709 1010; x_wconf 81' lang='lat' dir='ltr'>pla-</span> 
     </span>
     <span class='ocr_line' id='line_1_11' title="bbox 332 1014 1710 1079; baseline 0 -18"><span class='ocrx_word' id='word_1_73' title='bbox 332 1026 446 1062; x_wconf 87' lang='lat' dir='ltr'>ceret</span> <span class='ocrx_word' id='word_1_74' title='bbox 465 1053 475 1072; x_wconf 85' lang='lat'>‚</span> <span class='ocrx_word' id='word_1_75' title='bbox 505 1014 751 1061; x_wconf 81' lang='lat' dir='ltr'>immortale</span> <span class='ocrx_word' id='word_1_76' title='bbox 775 1031 954 1075; x_wconf 83' lang='lat' dir='ltr'>regnum</span> <span class='ocrx_word' id='word_1_77' title='bbox 981 1015 1198 1061; x_wconf 82' lang='lat' dir='ltr'>conversis</span> <span class='ocrx_word' id='word_1_78' title='bbox 1216 1014 1376 1061; x_wconf 78' lang='lat' dir='ltr'>donare</span> <span class='ocrx_word' id='word_1_79' title='bbox 1393 1053 1404 1072; x_wconf 86' lang='lat'>‚</span> <span class='ocrx_word' id='word_1_80' title='bbox 1428 1033 1582 1074; x_wconf 82' lang='lat' dir='ltr'>negare</span> <span class='ocrx_word' id='word_1_81' title='bbox 1613 1033 1710 1079; x_wconf 81' lang='lat' dir='ltr'>per-</span> 
     </span>
     <span class='ocr_line' id='line_1_12' title="bbox 331 1085 1709 1148; baseline -0.001 -16"><span class='ocrx_word' id='word_1_82' title='bbox 331 1086 478 1143; x_wconf 82' lang='lat' dir='ltr'>versis,</span> <span class='ocrx_word' id='word_1_83' title='bbox 500 1085 652 1131; x_wconf 85' lang='lat' dir='ltr'>merita</span> <span class='ocrx_word' id='word_1_84' title='bbox 669 1085 823 1131; x_wconf 82' lang='lat' dir='ltr'>mundi</span> <span class='ocrx_word' id='word_1_85' title='bbox 840 1102 1115 1143; x_wconf 75' lang='lat' dir='ltr'>cognoscere,</span> <span class='ocrx_word' id='word_1_86' title='bbox 1134 1085 1287 1148; x_wconf 79' lang='lat' dir='ltr'>culpas</span> <span class='ocrx_word' id='word_1_87' title='bbox 1307 1085 1544 1131; x_wconf 82' lang='lat' dir='ltr'>etcrimina</span> <span class='ocrx_word' id='word_1_88' title='bbox 1560 1085 1709 1131; x_wconf 88' lang='lat' dir='ltr'>homi-</span> 
     </span>
     <span class='ocr_line' id='line_1_13' title="bbox 334 1156 1705 1218; baseline -0.001 -16"><span class='ocrx_word' id='word_1_89' title='bbox 334 1157 465 1202; x_wconf 87' lang='lat' dir='ltr'>nibus</span> <span class='ocrx_word' id='word_1_90' title='bbox 488 1156 703 1202; x_wconf 60' lang='lat' dir='ltr'>relaxare?</span> <span class='ocrx_word' id='word_1_91' title='bbox 742 1156 780 1202; x_wconf 94' lang='lat' dir='ltr'>O</span> <span class='ocrx_word' id='word_1_92' title='bbox 815 1156 1131 1201; x_wconf 69' lang='lat' dir='ltr'>inaestimabilis</span> <span class='ocrx_word' id='word_1_93' title='bbox 1164 1167 1205 1201; x_wconf 85' lang='lat' dir='ltr'>et</span> <span class='ocrx_word' id='word_1_94' title='bbox 1242 1157 1449 1201; x_wconf 78' lang='lat' dir='ltr'>immensa</span> <span class='ocrx_word' id='word_1_95' title='bbox 1488 1156 1705 1218; x_wconf 83' lang='lat' dir='ltr'>potestas!</span> 
     </span>
     <span class='ocr_line' id='line_1_14' title="bbox 335 1226 1711 1288; baseline -0.001 -16"><span class='ocrx_word' id='word_1_96' title='bbox 335 1226 567 1272; x_wconf 88' lang='lat' dir='ltr'>Hominem</span> <span class='ocrx_word' id='word_1_97' title='bbox 592 1226 636 1271; x_wconf 91' lang='lat' dir='ltr'>in</span> <span class='ocrx_word' id='word_1_98' title='bbox 656 1236 765 1271; x_wconf 69' lang='lat' dir='ltr'>terrai</span> <span class='ocrx_word' id='word_1_99' title='bbox 794 1226 1012 1288; x_wconf 62' lang='lat' dir='ltr'>positum,</span> <span class='ocrx_word' id='word_1_100' title='bbox 1044 1226 1206 1271; x_wconf 87' lang='lat' dir='ltr'>coelum</span> <span class='ocrx_word' id='word_1_101' title='bbox 1245 1237 1403 1273; x_wconf 84' lang='lat' dir='ltr'>tenere.</span> <span class='ocrx_word' id='word_1_102' title='bbox 1449 1227 1562 1271; x_wconf 87' lang='lat' dir='ltr'>Ecce</span> <span class='ocrx_word' id='word_1_103' title='bbox 1594 1242 1711 1271; x_wconf 85' lang='lat' dir='ltr'>nunc</span> 
     </span>
     <span class='ocr_line' id='line_1_15' title="bbox 336 1295 1714 1359; baseline 0 -18"><span class='ocrx_word' id='word_1_104' title='bbox 336 1296 388 1341; x_wconf 75' lang='lat' dir='ltr'>ad</span> <span class='ocrx_word' id='word_1_105' title='bbox 412 1307 569 1341; x_wconf 87' lang='lat' dir='ltr'>nutum</span> <span class='ocrx_word' id='word_1_106' title='bbox 589 1296 726 1352; x_wconf 83' lang='lat' dir='ltr'>Petri,</span> <span class='ocrx_word' id='word_1_107' title='bbox 757 1295 894 1340; x_wconf 80' lang='lat' dir='ltr'>divini</span> <span class='ocrx_word' id='word_1_108' title='bbox 918 1297 1037 1355; x_wconf 81' lang='lat' dir='ltr'>regui</span> <span class='ocrx_word' id='word_1_109' title='bbox 1056 1297 1241 1342; x_wconf 80' lang='lat' dir='ltr'>claustra</span> <span class='ocrx_word' id='word_1_110' title='bbox 1264 1307 1508 1359; x_wconf 72' lang='lat' dir='ltr'>putescunt.</span> <span class='ocrx_word' id='word_1_111' title='bbox 1532 1296 1714 1359; x_wconf 82' lang='lat' dir='ltr'>Accepit</span> 
     </span>
     <span class='ocr_line' id='line_1_16' title="bbox 335 1365 1713 1425; baseline -0.001 -14"><span class='ocrx_word' id='word_1_112' title='bbox 335 1368 448 1411; x_wconf 88' lang='lat' dir='ltr'>enim</span> <span class='ocrx_word' id='word_1_113' title='bbox 475 1383 495 1410; x_wconf 84' lang='lat' dir='ltr'>a</span> <span class='ocrx_word' id='word_1_114' title='bbox 521 1365 698 1410; x_wconf 75' lang='lat' dir='ltr'>Christo</span> <span class='ocrx_word' id='word_1_115' title='bbox 723 1365 864 1410; x_wconf 76' lang='lat' dir='ltr'>claves</span> <span class='ocrx_word' id='word_1_116' title='bbox 884 1367 1000 1425; x_wconf 82' lang='lat' dir='ltr'>regni</span> <span class='ocrx_word' id='word_1_117' title='bbox 1026 1366 1262 1419; x_wconf 81' lang='lat' dir='ltr'>coelorum,</span> <span class='ocrx_word' id='word_1_118' title='bbox 1287 1377 1334 1411; x_wconf 92' lang='lat' dir='ltr'>ut</span> <span class='ocrx_word' id='word_1_119' title='bbox 1357 1366 1507 1411; x_wconf 82' lang='lat' dir='ltr'>solutis</span> <span class='ocrx_word' id='word_1_120' title='bbox 1528 1366 1713 1412; x_wconf 76' lang='lat' dir='ltr'>vinculis</span> 
     </span>
     <span class='ocr_line' id='line_1_17' title="bbox 336 1436 1708 1500; baseline 0 -18"><span class='ocrx_word' id='word_1_121' title='bbox 336 1436 596 1482; x_wconf 86' lang='lat' dir='ltr'>delictorum</span> <span class='ocrx_word' id='word_1_122' title='bbox 617 1473 628 1491; x_wconf 77' lang='grc'>,</span> <span class='ocrx_word' id='word_1_123' title='bbox 653 1436 838 1498; x_wconf 82' lang='lat' dir='ltr'>aperiret</span> <span class='ocrx_word' id='word_1_124' title='bbox 860 1436 1147 1481; x_wconf 81' lang='lat' dir='ltr'>credentibus</span> <span class='ocrx_word' id='word_1_125' title='bbox 1171 1437 1351 1483; x_wconf 86' lang='lat' dir='ltr'>coelum.</span> <span class='ocrx_word' id='word_1_126' title='bbox 1397 1437 1435 1481; x_wconf 71' lang='lat' dir='ltr'>(J)</span> <span class='ocrx_word' id='word_1_127' title='bbox 1463 1454 1596 1500; x_wconf 76' lang='lat' dir='ltr'>quain</span> <span class='ocrx_word' id='word_1_128' title='bbox 1640 1438 1708 1482; x_wconf 79' lang='lat' dir='ltr'>vi·-</span> 
     </span>
     <span class='ocr_line' id='line_1_18' title="bbox 336 1505 1711 1569; baseline 0 -17"><span class='ocrx_word' id='word_1_129' title='bbox 336 1508 434 1552; x_wconf 84' lang='lat' dir='ltr'>cina</span> <span class='ocrx_word' id='word_1_130' title='bbox 453 1518 494 1552; x_wconf 90' lang='lat' dir='ltr'>et</span> <span class='ocrx_word' id='word_1_131' title='bbox 517 1505 738 1569; x_wconf 79' lang='lat' dir='ltr'>profunda</span> <span class='ocrx_word' id='word_1_132' title='bbox 766 1506 982 1551; x_wconf 83' lang='lat' dir='ltr'>remedia!</span> <span class='ocrx_word' id='word_1_133' title='bbox 1022 1510 1146 1552; x_wconf 77' lang='lat' dir='ltr'>Juxta</span> <span class='ocrx_word' id='word_1_134' title='bbox 1171 1524 1213 1552; x_wconf 88' lang='lat' dir='ltr'>se</span> <span class='ocrx_word' id='word_1_135' title='bbox 1247 1507 1381 1552; x_wconf 82' lang='lat' dir='ltr'>habet</span> <span class='ocrx_word' id='word_1_136' title='bbox 1416 1507 1604 1552; x_wconf 82' lang='lat' dir='ltr'>mundus</span> <span class='ocrx_word' id='word_1_137' title='bbox 1632 1508 1711 1552; x_wconf 83' lang='lat' dir='ltr'>Dei</span> 
     </span>
     <span class='ocr_line' id='line_1_19' title="bbox 340 1577 1715 1641; baseline 0 -18"><span class='ocrx_word' id='word_1_138' title='bbox 340 1595 549 1637; x_wconf 14' lang='lat' dir='ltr'>iwegnum</span> <span class='ocrx_word' id='word_1_139' title='bbox 575 1578 608 1622; x_wconf 89' lang='lat' dir='ltr'>si</span> <span class='ocrx_word' id='word_1_140' title='bbox 634 1587 780 1622; x_wconf 83' lang='lat' dir='ltr'>currat</span> <span class='ocrx_word' id='word_1_141' title='bbox 802 1577 854 1621; x_wconf 83' lang='lat' dir='ltr'>ad</span> <span class='ocrx_word' id='word_1_142' title='bbox 881 1579 986 1622; x_wconf 76' lang='lat' dir='ltr'>Peti</span> <span class='ocrx_word' id='word_1_143' title='bbox 991 1594 1093 1622; x_wconf 92' lang='lat' dir='ltr'>um</span> <span class='ocrx_word' id='word_1_144' title='bbox 1119 1578 1252 1623; x_wconf 82' lang='lat' dir='ltr'>nullae</span> <span class='ocrx_word' id='word_1_145' title='bbox 1277 1579 1316 1640; x_wconf 86' lang='grc'>(</span> <span class='ocrx_word' id='word_1_146' title='bbox 1309 1578 1345 1641; x_wconf 69' lang='lat'>3)</span> <span class='ocrx_word' id='word_1_147' title='bbox 1368 1579 1583 1624; x_wconf 69' lang='lat' dir='ltr'>machinae</span> <span class='ocrx_word' id='word_1_148' title='bbox 1599 1595 1715 1641; x_wconf 67' lang='lat' dir='ltr'>quee-</span> 
     </span>
     <span class='ocr_line' id='line_1_20' title="bbox 337 1647 1711 1711; baseline 0 -18"><span class='ocrx_word' id='word_1_149' title='bbox 337 1659 498 1694; x_wconf 87' lang='lat' dir='ltr'>runtur</span> <span class='ocrx_word' id='word_1_150' title='bbox 515 1647 569 1692; x_wconf 66' lang='lat' dir='ltr'>qd</span> <span class='ocrx_word' id='word_1_151' title='bbox 584 1648 744 1703; x_wconf 75' lang='lat' dir='ltr'>nubes</span> <span class='ocrx_word' id='word_1_152' title='bbox 763 1648 852 1710; x_wconf 70' lang='lat' dir='ltr'>quiz</span> <span class='ocrx_word' id='word_1_153' title='bbox 844 1666 865 1692; x_wconf 87' lang='grc' dir='ltr'>ιι</span> <span class='ocrx_word' id='word_1_154' title='bbox 882 1665 950 1692; x_wconf 80' lang='lat' dir='ltr'>as(</span> <span class='ocrx_word' id='word_1_155' title='bbox 947 1665 1102 1693; x_wconf 84' lang='lat' dir='ltr'>ensum</span> <span class='ocrx_word' id='word_1_156' title='bbox 1124 1666 1185 1710; x_wconf 84' lang='lat' dir='ltr'>pr</span> <span class='ocrx_word' id='word_1_157' title='bbox 1180 1666 1263 1711; x_wconf 68' lang='lat' dir='ltr'>‹epz</span> <span class='ocrx_word' id='word_1_158' title='bbox 1254 1666 1298 1693; x_wconf 83' lang='grc' dir='ltr'>ι·ιι</span> <span class='ocrx_word' id='word_1_159' title='bbox 1303 1649 1441 1694; x_wconf 78' lang='grc' dir='ltr'>ιιῐ501ιι</span> <span class='ocrx_word' id='word_1_160' title='bbox 1467 1648 1586 1695; x_wconf 81' lang='lat' dir='ltr'>fides.</span> <span class='ocrx_word' id='word_1_161' title='bbox 1617 1650 1711 1694; x_wconf 80' lang='lat' dir='ltr'>Non</span> 
     </span>
     <span class='ocr_line' id='line_1_21' title="bbox 339 1682 1714 1782; baseline -0.001 -18"><span class='ocrx_word' id='word_1_162' title='bbox 339 1718 394 1764; x_wconf 86' lang='lat' dir='ltr'>ad</span> <span class='ocrx_word' id='word_1_163' title='bbox 417 1734 539 1764; x_wconf 84' lang='lat' dir='ltr'>aures</span> <span class='ocrx_word' id='word_1_164' title='bbox 565 1682 744 1762; x_wconf 82' lang='lat' dir='ltr'>Domini</span> <span class='ocrx_word' id='word_1_165' title='bbox 766 1718 895 1776; x_wconf 80' lang='lat' dir='ltr'>longa</span> <span class='ocrx_word' id='word_1_166' title='bbox 933 1729 996 1763; x_wconf 87' lang='lat' dir='ltr'>est</span> <span class='ocrx_word' id='word_1_167' title='bbox 1032 1719 1312 1781; x_wconf 76' lang='lat' dir='ltr'>precantibus</span> <span class='ocrx_word' id='word_1_168' title='bbox 1349 1719 1416 1764; x_wconf 83' lang='lat' dir='ltr'>via</span> <span class='ocrx_word' id='word_1_169' title='bbox 1440 1756 1449 1772; x_wconf 76' lang='lat'><strong><em>,</em></strong></span> <span class='ocrx_word' id='word_1_170' title='bbox 1482 1719 1583 1782; x_wconf 85' lang='lat' dir='ltr'>quia</span> <span class='ocrx_word' id='word_1_171' title='bbox 1624 1719 1714 1782; x_wconf 77' lang='lat' dir='ltr'>ipse</span> 
     </span>
     <span class='ocr_line' id='line_1_22' title="bbox 340 1786 1712 1834; baseline 0.001 -1"><span class='ocrx_word' id='word_1_172' title='bbox 340 1787 543 1833; x_wconf 83' lang='lat' dir='ltr'>Christus</span> <span class='ocrx_word' id='word_1_173' title='bbox 554 1786 834 1832; x_wconf 87' lang='lat' dir='ltr'>credentibus</span> <span class='ocrx_word' id='word_1_174' title='bbox 853 1786 994 1833; x_wconf 78' lang='lat' dir='ltr'>factus</span> <span class='ocrx_word' id='word_1_175' title='bbox 1014 1799 1076 1832; x_wconf 89' lang='lat' dir='ltr'>est</span> <span class='ocrx_word' id='word_1_176' title='bbox 1096 1788 1179 1834; x_wconf 81' lang='lat' dir='ltr'>via.</span> <span class='ocrx_word' id='word_1_177' title='bbox 1200 1789 1350 1834; x_wconf 79' lang='lat' dir='ltr'>Posuit</span> <span class='ocrx_word' id='word_1_178' title='bbox 1368 1789 1421 1834; x_wconf 84' lang='lat' dir='ltr'>ad</span> <span class='ocrx_word' id='word_1_179' title='bbox 1440 1789 1576 1834; x_wconf 82' lang='lat' dir='ltr'>vicem</span> <span class='ocrx_word' id='word_1_180' title='bbox 1593 1805 1712 1834; x_wconf 80' lang='lat' dir='ltr'>suam</span> 
     </span>
     <span class='ocr_line' id='line_1_23' title="bbox 339 1857 1714 1916; baseline 0.001 -13"><span class='ocrx_word' id='word_1_181' title='bbox 339 1859 383 1903; x_wconf 88' lang='lat' dir='ltr'>in</span> <span class='ocrx_word' id='word_1_182' title='bbox 408 1857 569 1903; x_wconf 65' lang='lat' dir='ltr'>szeculo</span> <span class='ocrx_word' id='word_1_183' title='bbox 594 1857 780 1902; x_wconf 88' lang='lat' dir='ltr'>coelestis</span> <span class='ocrx_word' id='word_1_184' title='bbox 810 1858 928 1916; x_wconf 84' lang='lat' dir='ltr'>regni</span> <span class='ocrx_word' id='word_1_185' title='bbox 954 1857 1282 1903; x_wconf 80' lang='lat' dir='ltr'>clavicularium</span> <span class='ocrx_word' id='word_1_186' title='bbox 1316 1860 1493 1904; x_wconf 86' lang='lat' dir='ltr'>Petrum</span> <span class='ocrx_word' id='word_1_187' title='bbox 1515 1897 1524 1915; x_wconf 66' lang='grc'>,</span> <span class='ocrx_word' id='word_1_188' title='bbox 1553 1876 1603 1903; x_wconf 77' lang='lat' dir='ltr'>nc·</span> <span class='ocrx_word' id='word_1_189' title='bbox 1627 1859 1714 1904; x_wconf 82' lang='lat' dir='ltr'>dis-</span> 
     </span>
     <span class='ocr_line' id='line_1_24' title="bbox 341 1926 1342 1990; baseline 0.001 -17"><span class='ocrx_word' id='word_1_190' title='bbox 341 1927 499 1974; x_wconf 85' lang='lat' dir='ltr'>ficilem</span> <span class='ocrx_word' id='word_1_191' title='bbox 526 1927 610 1972; x_wconf 87' lang='lat' dir='ltr'>sibi</span> <span class='ocrx_word' id='word_1_192' title='bbox 635 1926 801 1972; x_wconf 78' lang='lat' dir='ltr'>aditum</span> <span class='ocrx_word' id='word_1_193' title='bbox 827 1927 1045 1990; x_wconf 74' lang='lat' dir='ltr'>quispiam</span> <span class='ocrx_word' id='word_1_194' title='bbox 1066 1929 1342 1974; x_wconf 75' lang='lat' dir='ltr'>existimaret.</span> 
     </span>
    </p>

    <p class='ocr_par' dir='ltr' id='par_1_4' title="bbox 341 1997 1716 2485">
     <span class='ocr_line' id='line_1_25' title="bbox 408 1997 1713 2062; baseline 0.003 -21"><span class='ocrx_word' id='word_1_195' title='bbox 408 1999 491 2043; x_wconf 88' lang='grc' dir='ltr'><strong>ΙΙΙ.</strong></span> <span class='ocrx_word' id='word_1_196' title='bbox 534 1997 696 2043; x_wconf 87' lang='lat' dir='ltr'>Paulus</span> <span class='ocrx_word' id='word_1_197' title='bbox 724 2014 826 2043; x_wconf 91' lang='lat' dir='ltr'>vero</span> <span class='ocrx_word' id='word_1_198' title='bbox 854 1998 1019 2044; x_wconf 84' lang='lat' dir='ltr'>coelesti</span> <span class='ocrx_word' id='word_1_199' title='bbox 1051 2016 1154 2044; x_wconf 78' lang='lat' dir='ltr'>voce</span> <span class='ocrx_word' id='word_1_200' title='bbox 1184 2011 1448 2062; x_wconf 73' lang='lat' dir='ltr'>prostratus,</span> <span class='ocrx_word' id='word_1_201' title='bbox 1476 2000 1581 2045; x_wconf 78' lang='lat' dir='ltr'>(lum</span> <span class='ocrx_word' id='word_1_202' title='bbox 1611 2001 1713 2045; x_wconf 81' lang='lat' dir='ltr'>furit</span> 
     </span>
     <span class='ocr_line' id='line_1_26' title="bbox 342 2067 1716 2130; baseline 0.002 -18"><span class='ocrx_word' id='word_1_203' title='bbox 342 2067 397 2113; x_wconf 83' lang='lat' dir='ltr'>ad</span> <span class='ocrx_word' id='word_1_204' title='bbox 419 2067 565 2113; x_wconf 80' lang='lat' dir='ltr'>caulas</span> <span class='ocrx_word' id='word_1_205' title='bbox 581 2104 592 2121; x_wconf 79' lang='grc'>,</span> <span class='ocrx_word' id='word_1_206' title='bbox 616 2078 657 2112; x_wconf 91' lang='lat' dir='ltr'>et</span> <span class='ocrx_word' id='word_1_207' title='bbox 682 2067 835 2130; x_wconf 79' lang='lat' dir='ltr'>lupina</span> <span class='ocrx_word' id='word_1_208' title='bbox 851 2068 972 2114; x_wconf 79' lang='lat' dir='ltr'>rabie</span> <span class='ocrx_word' id='word_1_209' title='bbox 990 2107 1000 2124; x_wconf 84' lang='lat'>‚</span> <span class='ocrx_word' id='word_1_210' title='bbox 1028 2086 1198 2114; x_wconf 81' lang='lat' dir='ltr'>exosum</span> <span class='ocrx_word' id='word_1_211' title='bbox 1221 2070 1302 2115; x_wconf 84' lang='lat' dir='ltr'>sibi</span> <span class='ocrx_word' id='word_1_212' title='bbox 1327 2087 1485 2115; x_wconf 86' lang='lat' dir='ltr'>nomeu</span> <span class='ocrx_word' id='word_1_213' title='bbox 1503 2070 1716 2115; x_wconf 84' lang='lat' dir='ltr'>innocen-</span> 
     </span>
     <span class='ocr_line' id='line_1_27' title="bbox 343 2137 1716 2203; baseline 0.001 -21"><span class='ocrx_word' id='word_1_214' title='bbox 343 2138 394 2184; x_wconf 87' lang='lat' dir='ltr'>tis</span> <span class='ocrx_word' id='word_1_215' title='bbox 413 2137 512 2198; x_wconf 80' lang='lat' dir='ltr'>agni</span> <span class='ocrx_word' id='word_1_216' title='bbox 533 2139 839 2200; x_wconf 82' lang='lat' dir='ltr'>persequitur3</span> <span class='ocrx_word' id='word_1_217' title='bbox 878 2138 982 2184; x_wconf 87' lang='lat' dir='ltr'>dum</span> <span class='ocrx_word' id='word_1_218' title='bbox 1012 2139 1172 2201; x_wconf 71' lang='lat' dir='ltr'>quaerit</span> <span class='ocrx_word' id='word_1_219' title='bbox 1196 2140 1439 2203; x_wconf 81' lang='lat' dir='ltr'>discerpere</span> <span class='ocrx_word' id='word_1_220' title='bbox 1465 2152 1539 2186; x_wconf 80' lang='lat' dir='ltr'>aut</span> <span class='ocrx_word' id='word_1_221' title='bbox 1565 2158 1716 2188; x_wconf 76' lang='lat' dir='ltr'>vexare</span> 
     </span>
     <span class='ocr_line' id='line_1_28' title="bbox 341 2211 1713 2271; baseline 0.002 -18"><span class='ocrx_word' id='word_1_222' title='bbox 341 2224 536 2268; x_wconf 85' lang='lat' dir='ltr'>gregem,</span> <span class='ocrx_word' id='word_1_223' title='bbox 564 2225 793 2271; x_wconf 87' lang='lat' dir='ltr'>percussus</span> <span class='ocrx_word' id='word_1_224' title='bbox 811 2219 890 2264; x_wconf 74' lang='lat' dir='ltr'>est,</span> <span class='ocrx_word' id='word_1_225' title='bbox 914 2220 956 2254; x_wconf 88' lang='lat' dir='ltr'>et</span> <span class='ocrx_word' id='word_1_226' title='bbox 979 2221 1166 2267; x_wconf 83' lang='lat' dir='ltr'>erectus,</span> <span class='ocrx_word' id='word_1_227' title='bbox 1193 2223 1382 2256; x_wconf 71' lang='lat' dir='ltr'>caecatus</span> <span class='ocrx_word' id='word_1_228' title='bbox 1399 2221 1460 2256; x_wconf 88' lang='lat' dir='ltr'>est</span> <span class='ocrx_word' id='word_1_229' title='bbox 1484 2222 1525 2255; x_wconf 84' lang='lat' dir='ltr'>et</span> <span class='ocrx_word' id='word_1_230' title='bbox 1545 2211 1713 2257; x_wconf 88' lang='lat' dir='ltr'>illumi-</span> 
     </span>
     <span class='ocr_line' id='line_1_29' title="bbox 342 2279 1714 2342; baseline 0.002 -19"><span class='ocrx_word' id='word_1_231' title='bbox 342 2289 469 2324; x_wconf 86' lang='lat' dir='ltr'>natus</span> <span class='ocrx_word' id='word_1_232' title='bbox 494 2279 550 2324; x_wconf 84' lang='lat' dir='ltr'>ab</span> <span class='ocrx_word' id='word_1_233' title='bbox 567 2295 617 2324; x_wconf 92' lang='lat' dir='ltr'>eo</span> <span class='ocrx_word' id='word_1_234' title='bbox 639 2315 649 2333; x_wconf 81' lang='grc'><em>,</em></span> <span class='ocrx_word' id='word_1_235' title='bbox 686 2279 765 2342; x_wconf 91' lang='lat' dir='ltr'>qui</span> <span class='ocrx_word' id='word_1_236' title='bbox 798 2299 816 2319; x_wconf 74' lang='grc' dir='ltr'>α</span> <span class='ocrx_word' id='word_1_237' title='bbox 833 2279 972 2337; x_wconf 84' lang='lat' dir='ltr'>Erigit</span> <span class='ocrx_word' id='word_1_238' title='bbox 993 2280 1142 2331; x_wconf 80' lang='lat' dir='ltr'>elisos,</span> <span class='ocrx_word' id='word_1_239' title='bbox 1177 2292 1219 2325; x_wconf 87' lang='lat' dir='ltr'>et</span> <span class='ocrx_word' id='word_1_240' title='bbox 1244 2280 1464 2326; x_wconf 86' lang='lat' dir='ltr'>illuminat</span> <span class='ocrx_word' id='word_1_241' title='bbox 1483 2281 1669 2327; x_wconf 73' lang='lat' dir='ltr'>caecos1.</span> <span class='ocrx_word' id='word_1_242' title='bbox 1698 2305 1714 2322; x_wconf 70' lang='grc' dir='ltr'>υ</span> 
     </span>
     <span class='ocr_line' id='line_1_30' title="bbox 344 2348 1713 2413; baseline 0.002 -20"><span class='ocrx_word' id='word_1_243' title='bbox 344 2351 502 2395; x_wconf 87' lang='lat' dir='ltr'>Factus</span> <span class='ocrx_word' id='word_1_244' title='bbox 527 2359 590 2394; x_wconf 90' lang='lat' dir='ltr'>est</span> <span class='ocrx_word' id='word_1_245' title='bbox 606 2348 752 2394; x_wconf 86' lang='lat' dir='ltr'>subito</span> <span class='ocrx_word' id='word_1_246' title='bbox 777 2366 823 2394; x_wconf 84' lang='lat' dir='ltr'>ex</span> <span class='ocrx_word' id='word_1_247' title='bbox 849 2348 956 2412; x_wconf 90' lang='lat' dir='ltr'>lupo</span> <span class='ocrx_word' id='word_1_248' title='bbox 977 2367 1135 2410; x_wconf 74' lang='lat' dir='ltr'>agnus,</span> <span class='ocrx_word' id='word_1_249' title='bbox 1155 2367 1200 2395; x_wconf 80' lang='lat' dir='ltr'>ex</span> <span class='ocrx_word' id='word_1_250' title='bbox 1229 2361 1504 2413; x_wconf 89' lang='lat' dir='ltr'>persecutore</span> <span class='ocrx_word' id='word_1_251' title='bbox 1530 2352 1713 2413; x_wconf 91' lang='lat' dir='ltr'>Aposto-</span> 
     </span>
     <span class='ocr_line' id='line_1_31' title="bbox 341 2419 1711 2485; baseline 0.001 -19"><span class='ocrx_word' id='word_1_252' title='bbox 341 2420 409 2466; x_wconf 88' lang='lat' dir='ltr'>lus</span> <span class='ocrx_word' id='word_1_253' title='bbox 428 2457 437 2474; x_wconf 91' lang='lat'><strong><em>‚</em></strong></span> <span class='ocrx_word' id='word_1_254' title='bbox 473 2436 521 2465; x_wconf 85' lang='lat' dir='ltr'>ex</span> <span class='ocrx_word' id='word_1_255' title='bbox 541 2419 749 2482; x_wconf 70' lang='lat' dir='ltr'>praedone</span> <span class='ocrx_word' id='word_1_256' title='bbox 767 2420 983 2483; x_wconf 84' lang='lat' dir='ltr'>captivus.</span> <span class='ocrx_word' id='word_1_257' title='bbox 1025 2422 1174 2485; x_wconf 79' lang='lat' dir='ltr'>Coepit</span> <span class='ocrx_word' id='word_1_258' title='bbox 1193 2421 1433 2484; x_wconf 55' lang='lat' dir='ltr'>praedicare</span> <span class='ocrx_word' id='word_1_259' title='bbox 1461 2421 1685 2467; x_wconf 82' lang='lat' dir='ltr'>Christum</span> <span class='ocrx_word' id='word_1_260' title='bbox 1702 2460 1711 2476; x_wconf 85' lang='lat'>,</span> 
     </span>
    </p>
   </div>
   <div class='ocr_carea' id='block_1_3' title="bbox 393 2544 910 2586">
    <p class='ocr_par' dir='ltr' id='par_1_5' title="bbox 393 2544 910 2586">
     <span class='ocr_line' id='line_1_32' title="bbox 393 2544 910 2586; baseline 0.002 -11"><span class='ocrx_word' id='word_1_261' title='bbox 393 2544 400 2565; x_wconf 86' lang='lat'><strong>¹</strong></span> <span class='ocrx_word' id='word_1_262' title='bbox 421 2544 501 2576; x_wconf 76' lang='lat' dir='ltr'>Psnt.</span> <span class='ocrx_word' id='word_1_263' title='bbox 525 2555 630 2584; x_wconf 74' lang='lat' dir='ltr'>cxmv,</span> <span class='ocrx_word' id='word_1_264' title='bbox 651 2551 745 2586; x_wconf 70' lang='lat' dir='ltr'>14,et</span> <span class='ocrx_word' id='word_1_265' title='bbox 765 2556 857 2582; x_wconf 74' lang='lat' dir='ltr'>mm,</span> <span class='ocrx_word' id='word_1_266' title='bbox 877 2548 910 2578; x_wconf 88' lang='lat'>8.</span> 
     </span>
    </p>
   </div>
   <div class='ocr_carea' id='block_1_4' title="bbox 389 2631 1462 2678">
    <p class='ocr_par' dir='ltr' id='par_1_6' title="bbox 389 2631 1462 2678">
     <span class='ocr_line' id='line_1_33' title="bbox 389 2631 1462 2678; baseline 0.002 -16"><span class='ocrx_word' id='word_1_267' title='bbox 389 2631 438 2675; x_wconf 56' lang='grc' dir='ltr'>(Γ)</span> <span class='ocrx_word' id='word_1_268' title='bbox 457 2632 536 2665; x_wconf 79' lang='lat' dir='ltr'>Cod.</span> <span class='ocrx_word' id='word_1_269' title='bbox 552 2633 770 2673; x_wconf 72' lang='lat' dir='ltr'>perhibentes,</span> <span class='ocrx_word' id='word_1_270' title='bbox 787 2652 829 2657; x_wconf 94' lang='lat'>-—-</span> <span class='ocrx_word' id='word_1_271' title='bbox 851 2634 898 2677; x_wconf 70' lang='lat' dir='ltr'>(a)</span> <span class='ocrx_word' id='word_1_272' title='bbox 920 2634 1102 2675; x_wconf 67' lang='lat' dir='ltr'>lil.facile,</span> <span class='ocrx_word' id='word_1_273' title='bbox 1120 2653 1161 2659; x_wconf 92' lang='lat'>—-—</span> <span class='ocrx_word' id='word_1_274' title='bbox 1182 2638 1229 2678; x_wconf 69' lang='lat'>(3)</span> <span class='ocrx_word' id='word_1_275' title='bbox 1249 2636 1295 2669; x_wconf 71' lang='lat' dir='ltr'>ld.</span> <span class='ocrx_word' id='word_1_276' title='bbox 1318 2648 1382 2666; x_wconf 79' lang='lat' dir='ltr'>mm</span> <span class='ocrx_word' id='word_1_277' title='bbox 1402 2636 1462 2668; x_wconf 69' lang='lat' dir='ltr'>lar.</span> 
     </span>
    </p>
   </div>
  </div>
 </body>
</html>
