1885 3284
411 248 465 280 10
810 249 845 278 S.
891 247 1131 279 AUGUSTINI
1168 248 1370 279 EPISCOP!

407 314 515 362 leres
537 312 754 361 imitandi.
785 313 874 370 Qui
905 330 992 360 non
1023 313 1234 377 proficit.
1264 314 1472 360 remansit
1502 315 1546 361 in
1573 316 1675 370 via3
1710 314 1787 379 qui

408 384 516 432 sorte
544 404 565 431 a
590 385 766 431 meliore
792 385 1020 448 proposito
1058 384 1250 430 declinat
1277 385 1328 430 ad
1356 385 1400 430 id
1439 385 1559 448 quod
1598 385 1786 432 deterius

405 457 671 520 reliquerat,
713 472 907 501 reversus
931 466 993 500 est
1025 467 1140 502 retro
1163 474 1171 511 3
1199 456 1275 519 qui
1299 456 1429 502 fidem
1449 457 1632 514 deserit,
1659 475 1682 503 a
1717 458 1787 504 via

406 527 684 574 aberravit...
717 527 800 589 (1).

472 598 556 645 111.
605 597 716 654 Quis
739 606 801 642 est
825 597 901 660 qui
927 614 1014 642 non
1040 596 1248 660 proficit?
1274 597 1361 654 Qui
1397 615 1439 643 se
1464 598 1684 661 putaverit
1703 615 1790 644 esse

408 669 645 733 sapientem
665 706 675 718 ,
700 669 774 732 qui
796 668 951 714 dixerit
976 686 985 713 :
1009 691 1022 708 «
1049 667 1220 714 Sufficit
1244 668 1352 714 mihi
1370 669 1491 732 quod
1515 687 1609 714 sum
1631 690 1643 724 3
1671 693 1688 711 »
1712 669 1789 734 qui

408 757 497 786 non
519 739 749 786 attenderit
767 757 866 785 eum
883 778 893 795 ‚
923 740 998 803 qui
1018 739 1155 785 dixit:
1184 762 1200 781 z<
1218 740 1331 797 Quae
1346 751 1458 786 retro
1477 740 1658 797 oblitus,
1680 741 1725 786 in
1742 757 1791 786 ea

404 832 426 854 »
447 828 546 875 quae
565 821 663 857 ante
685 822 787 857 sunt
809 821 1008 857 extentus
1031 811 1115 873 (2),
1146 811 1387 856 secundum
1409 811 1695 857 intentionem
1720 811 1788 873 (3)

410 903 429 924 »ι
447 899 602 946 sequar
625 882 679 928 ad
703 882 895 946 palmam
922 881 1165 928 vocationis
1200 899 1402 946 supernae
1429 883 1507 927 Dei
1530 882 1573 928 in
1609 881 1790 928 Christo

407 953 548 999 »Jesu
566 951 598 1000 1,
630 974 650 994 ³>
679 954 940 998 Currentem
961 970 1003 998 se
1024 952 1132 998 dixit
1153 990 1163 1008 ‚
1192 963 1445 1016 sequentem
1470 970 1512 997 se
1537 952 1644 998 dixit
1665 990 1675 1006 ‚
1704 969 1793 998 non

410 1023 649 1079 remansit,
678 1041 763 1068 nou
794 1033 908 1068 retro
942 1023 1155 1087 respexit3
1193 1023 1306 1069 absit
1351 1034 1398 1069 ut
1435 1023 1675 1079 erraverit,
1716 1021 1794 1086 qui

409 1094 522 1141 viam
549 1095 687 1158 ipsam
715 1093 903 1140 docebat
925 1131 933 1143 .
954 1096 1032 1159 qui
1055 1106 1096 1140 et
1119 1094 1321 1150 tenebat,
1347 1106 1387 1141 et
1408 1094 1678 1140 ostendebat.
1705 1094 1794 1141 Ce-

408 1165 621 1212 leritatem
659 1177 802 1212 autem
837 1168 928 1226 ejus
965 1177 1013 1212 ut
1051 1166 1340 1219 imitaremur,
1371 1167 1429 1213 ait
1461 1183 1472 1212 z
1512 1167 1795 1212 «Imitatores

413 1258 434 1280 >2
454 1237 538 1282 mei
557 1248 719 1293 estote,
762 1237 876 1282 sicut
901 1246 943 1282 et
966 1254 1044 1297 ego
1081 1236 1299 1284 Christi2.
1328 1258 1347 1278 »
1386 1237 1667 1283 Arbitramur
1693 1253 1794 1297 ergo

413 1325 492 1355 nos
514 1346 524 1359 ,
551 1307 702 1354 fratres
726 1307 1002 1361 charissimi,
1043 1309 1088 1352 in
1112 1309 1180 1353 via
1206 1308 1436 1353 vobiscum
1475 1307 1717 1354 ambulare.
1750 1307 1796 1353 Si

411 1378 526 1425 tardi
546 1395 695 1424 sumus
717 1415 728 1434 ,
751 1377 992 1441 praevenite
1014 1394 1093 1423 nos
1114 1415 1124 1433 ‚
1147 1395 1233 1422 non
1251 1377 1499 1424 invidemus
1522 1399 1534 1432 3
1560 1378 1799 1443 quaerimus

416 1466 526 1515 quos
549 1467 797 1513 sequamur.
821 1449 867 1494 Si
887 1460 1028 1494 autem
1047 1465 1124 1494 nos
1143 1449 1392 1494 existimatis
1406 1448 1798 1510 celeriteringredi‚

416 1521 580 1568 currite
604 1521 852 1566 nobiseum.
878 1521 1025 1566 Unum
1047 1530 1109 1566 est
1130 1520 1184 1566 ad
1211 1520 1331 1584 quod
1354 1538 1502 1567 omnes
1525 1520 1795 1577 festinamus,

416 1602 458 1639 et
479 1593 555 1655 qui
581 1591 770 1643 tardius,
794 1602 836 1637 et
853 1592 927 1656 qui
949 1592 1131 1638 celerius
1156 1592 1448 1639 ambulamus.
1481 1592 1576 1638 Hoc
1613 1592 1671 1638 ait
1708 1593 1801 1656 ipse

419 1665 684 1728 Apostolus:
706 1664 889 1709 «Unum
911 1674 1073 1719 autem,
1101 1681 1201 1727 quae
1225 1675 1340 1709 retro
1361 1664 1543 1720 oblitus,
1566 1666 1610 1710 in
1633 1681 1680 1710 ea
1699 1680 1801 1728 quae

416 1756 437 1778 »
462 1745 560 1780 ante
595 1745 696 1780 sunt
720 1745 933 1791 extentus,
969 1734 1210 1781 secundum
1236 1735 1523 1781 intentionem
1551 1752 1709 1799 sequor
1741 1734 1795 1781 ad

416 1826 438 1849 »ι
460 1805 652 1869 palmam
675 1806 1129 1868 supernas-vocationis
1149 1806 1227 1851 Dei
1244 1806 1290 1851 in
1313 1806 1493 1852 Christo
1514 1810 1657 1852 Jesu.»
1676 1805 1802 1852 Ordo

416 1877 652 1924 verborum
673 1888 756 1922 est:
777 1877 923 1922 Unum
944 1887 1107 1931 autem,
1125 1893 1261 1923 unum
1287 1894 1458 1940 sequor,
1485 1878 1540 1922 Ut
1560 1886 1702 1923 autem
1717 1876 1802 1923 hoc

419 1946 617 2004 diceret,
647 1964 780 2011 supra
815 1946 924 2011 quid
961 1946 1102 1992 dixit?
1140 1949 1381 2004 «Fratres,
1429 1965 1508 2008 ego
1552 1965 1620 1994 me
1654 1949 1803 2012 ipsum

420 2039 441 2061 ³>
459 2035 549 2065 non
568 2018 760 2064 arbitror
778 2018 1118 2083 apprehendisse
1133 2017 1166 2066 3.
1193 2041 1212 2060 »
1233 2020 1348 2065 Ecce
1369 2021 1445 2083 qui
1470 2036 1559 2065 non
1587 2029 1799 2076 remanet,

468 2135 479 2158 ¹
498 2135 616 2179 Philip.
639 2147 685 2173 ιιι,
709 2138 748 2168 13
764 2142 795 2169 et
816 2145 869 2175 14.
887 2155 932 2161 —
946 2135 962 2159 2
986 2150 995 2168 1
1019 2140 1092 2169 Cor.
1107 2149 1152 2177 ιν,
1176 2139 1228 2170 16.
1244 2155 1289 2161 —
1304 2135 1319 2160 3
1342 2151 1354 2170 1
1376 2140 1451 2172 Cor.
1468 2149 1520 2176 xv,
1540 2150 1590 2170 io.

467 2217 593 2260 (1)Hic
613 2218 760 2260 leguntur
777 2220 922 2263 quaedam
939 2221 1056 2258 verba,
1076 2231 1147 2263 qnae
1167 2226 1278 2264 utpote
1297 2221 1408 2253 mutila
1422 2226 1477 2252 aut
1496 2220 1662 2251 immutata
1680 2218 1804 2250 nullum

418 2284 547 2305 sensum
570 2273 720 2312 afferunt,
741 2276 887 2308 videlicet
909 2287 917 2309 :
945 2278 1023 2308 Cum
1052 2278 1154 2308 tardis
1174 2277 1214 2307 sit
1232 2278 1335 2316 uobis,
1351 2277 1410 2308 sed
1426 2289 1448 2307 α
1463 2276 1616 2307 celerinus
1630 2275 1715 2305 racio
1732 2284 1804 2304 cum

417 2329 671 2362 ambulantibus.
692 2334 826 2367 Tamen.
853 2352 894 2357 —
917 2333 967 2377 (α)
995 2333 1074 2365 Cod.
1101 2333 1182 2364 male
1204 2342 1327 2367 extent.
1346 2352 1389 2357 —
1405 2332 1453 2377 (Sl
1475 2333 1526 2364 Sic
1543 2335 1579 2365 Β.
1608 2330 1805 2374 Augustinus

415 2387 495 2418 citat
525 2385 608 2418 hane
627 2389 773 2430 Apostoli
801 2390 1002 2429 seutentiam,
1027 2395 1061 2421 ut
1080 2389 1189 2421 videre
1209 2396 1257 2420 est
1271 2393 1374 2424 Serm.
1395 2401 1479 2428 cmv,
1496 2400 1529 2423 n.
1551 2392 1707 2428 43'1'1·act.
1725 2399 1755 2419 iv
1768 2389 1803 2420 iu

416 2442 519 2486 Epis-1.
535 2446 714 2487 Joan.cap.
733 2446 764 2479 3,
781 2457 811 2477 n.
833 2447 866 2484 63
892 2449 988 2478 Enar.
1008 2447 1041 2477 in
1065 2446 1146 2477 Psat.
1161 2457 1300 2483 xxxvm,
1316 2458 1347 2480 n.
1371 2449 1409 2485 ὃς
1430 2448 1526 2480 Enar.
1540 2447 1571 2477 iu
1590 2447 1670 2478 Psal.
1691 2455 1805 2485 xxxix,

416 2510 450 2531 n.
467 2501 507 2537 ὃς
541 2501 636 2531 Enar.
661 2500 693 2532 in
719 2502 800 2535 Psal.
828 2514 943 2544 cxmx,
977 2514 1008 2533 n.
1035 2503 1076 2540 8;
1098 2504 1216 2534 Contra
1242 2504 1320 2534 duas
1346 2502 1445 2545 Epi-t.
1474 2502 1631 2544 pelagian.
1656 2502 1714 2536 lib,
1740 2513 1802 2543 111,

421 2565 455 2587 n.
477 2567 519 2587 22
533 2568 541 2594 3
556 2559 658 2589 Serm.
675 2568 785 2600 ccnxr,
804 2569 837 2590 n.
852 2557 892 2597 33
912 2561 1014 2593 Serm.
1036 2569 1087 2599 cv,
1110 2569 1145 2592 u.
1163 2570 1193 2597 73
1212 2560 1312 2589 Serm.
1331 2568 1421 2596 cerv,
1437 2568 1467 2590 n.
1484 2559 1517 2591 6.
1535 2561 1574 2591 lu
1588 2558 1638 2591 his
1655 2557 1805 2590 omnibus

422 2610 500 2644 locis
515 2622 642 2656 semper
657 2612 774 2656 legitur
787 2622 958 2656 extentus,
975 2621 1006 2648 et
1021 2615 1197 2646 secundum
1211 2614 1442 2650 intentionem.
