1868 3301
346 252 439 307 346
608 267 644 295 s.
688 263 942 295 AUGUSTIM
979 264 1184 304 Eriscom
1223 264 1458 297 APPENDlx.

343 333 449 375 dites
466 365 475 383 ,
499 345 728 390 pauper053
754 345 829 388 per
852 339 914 381 to,
940 331 1091 381 sortes,
1117 331 1302 382 debiles3
1327 348 1402 390 por
1424 341 1491 383 ιθ,
1526 347 1715 385 veraces,

342 399 593 446 mendac053
622 412 699 455 per
724 405 786 447 te,
818 396 948 446 casti,
970 397 1197 446 luxuriosi3
1222 407 1358 455 perte
1374 431 1384 448 ,
1417 400 1622 449 humiles,
1647 417 1719 443 su-

337 463 457 520 perbi
477 479 487 513 ;
528 477 604 521 per
642 471 682 505 te
726 462 970 520 parentibus
1014 462 1303 507 inobedientes
1338 472 1380 507 et
1416 465 1504 507 Deo
1541 465 1717 509 odibiles

343 528 463 571 siunt.

396 594 461 637 vl.
499 593 562 636 Tu
581 608 697 644 vero,
718 593 944 644 Herodias,
964 593 1199 636 sanctitatis
1217 608 1397 637 noverca
1411 627 1424 646 ,
1443 595 1547 638 scias
1566 604 1608 637 et
1629 597 1718 639 nul-

335 661 500 702 latenus
524 659 718 708 dubites,
743 660 857 716 quod
880 667 949 701 tua
979 660 1176 702 voluntas
1199 669 1241 702 et
1263 675 1392 718 opera
1413 675 1498 703 non
1521 675 1715 704 remane-

334 726 440 768 bunt
479 726 712 784 impunita,
747 726 843 783 quia
885 726 1051 783 sanguis
1075 725 1186 769 Justi
1217 728 1373 770 clamat
1406 728 1458 770 ad
1496 728 1633 770 Deum
1665 729 1716 770 de

335 800 458 834 terra.
485 792 670 850 Expecta
689 792 832 849 igitur,
852 800 895 834 et
914 800 1031 835 tuam
1049 792 1364 835 damnationem
1382 824 1395 844 ‚
1414 792 1447 835 si
1477 794 1536 849 (1)
1566 800 1710 850 potes,

332 856 420 914 jam
465 859 523 915 (2)
574 865 743 914 portare
793 857 944 916 incipe.
992 857 1229 901 Infatuatur
1272 858 1455 916 denique
1499 858 1589 900 haec
1624 873 1720 901 mu-

333 923 424 977 lier,
445 924 602 966 diaboli
625 924 865 966 membrum
884 957 894 976 ‚
920 933 962 967 et
983 926 1095 967 nuda
1119 940 1262 968 coram
1288 925 1485 967 omnibus
1504 940 1685 982 pergens
1699 957 1710 973 ,

334 1004 355 1031 a
376 989 515 1047 pueris
538 990 698 1032 baculis
721 999 764 1033 et
784 991 992 1048 lapidibus
1014 1006 1215 1049 percussa
1237 991 1470 1040 occiditur3
1494 999 1536 1032 et
1567 991 1626 1032 sic
1659 991 1712 1032 ad

334 1054 582 1097 barathrum
613 1055 807 1112 nequiter
835 1057 1083 1114 deportatur
1113 1065 1207 1115 post
1239 1065 1420 1099 mortem
1456 1055 1623 1113 cognati
1646 1055 1709 1097 sui

334 1119 511 1163 Herodis
534 1121 619 1162 fere
643 1136 718 1177 per
743 1135 914 1163 annum.
944 1122 1087 1165 Puella
1107 1138 1206 1165 vero
1227 1138 1319 1179 quae
1342 1123 1523 1165 libenter
1546 1120 1605 1163 sic
1636 1121 1713 1162 sal-

334 1185 473 1235 tabat,
500 1202 522 1228 a
544 1187 715 1229 diabolo
743 1187 976 1230 suffocatur
1002 1192 1151 1237 nocte,
1175 1197 1218 1230 et
1248 1189 1308 1231 sic
1335 1187 1420 1230 filia
1452 1201 1551 1230 cum
1574 1193 1709 1228 matre

334 1265 358 1292 a
379 1252 545 1294 diabolo
569 1253 816 1296 associatur.
844 1253 928 1295 Nos
954 1269 1078 1303 vero,
1111 1254 1286 1302 fratres,
1312 1254 1437 1296 oculo
1465 1252 1618 1294 mentis
1651 1266 1710 1293 as-

333 1316 542 1374 piciamus
566 1319 699 1361 sancti
721 1318 896 1361 Joannis
926 1319 1080 1370 vitam,
1113 1328 1155 1362 et
1180 1320 1284 1376 quid
1318 1318 1490 1367 fecerit,
1533 1325 1576 1359 et
1611 1316 1713 1373 quid

332 1383 486 1439 egerit,
509 1384 722 1427 ferventer
747 1399 940 1442 agamus3
964 1393 1007 1427 et
1030 1386 1063 1427 si
1085 1400 1171 1427 non
1189 1393 1375 1433 tantum,
1401 1390 1606 1440 quantum
1623 1381 1711 1438 ipse

334 1447 451 1502 fecit,
476 1449 614 1492 facere
641 1451 856 1493 valeamus
872 1483 883 1502 ‚
909 1452 1056 1493 saltem
1080 1459 1284 1508 quantum
1309 1463 1551 1508 possumus,
1577 1447 1714 1489 facere

333 1515 600 1569 studeamus,
624 1525 672 1559 ut
691 1531 789 1560 cum
812 1531 862 1560 eo
884 1526 1102 1561 consortes
1122 1519 1253 1562 simus
1272 1531 1348 1575 per
1365 1515 1545 1574 gratiam
1567 1514 1609 1557 in
1625 1513 1709 1572 glo-

334 1581 394 1624 ria
419 1582 667 1627 Beatorum.
691 1584 840 1627 Amen.

382 1693 431 1740 (1)
450 1694 530 1728 Cod.
549 1695 644 1730 sicut.
661 1713 708 1721 —
724 1694 775 1740 (σε)
797 1696 848 1731 Id.
866 1695 937 1729 hoc.
