1868 3301
317 220 411 274 344
577 236 610 263 s,
657 236 896 265 Ar‹÷i:v›‘ricsi
938 236 1136 266 misceri
1180 238 1417 269 Arrmnlx.

316 315 365 340 ex
391 300 559 340 t'oemina
589 308 707 340 natos
731 315 751 341 a
775 300 988 342 salvatore
1023 305 1363 353 commendatur,
1394 314 1436 346 et
1465 305 1692 362 Propheta-

317 380 408 404 ruin
441 364 647 420 Propheta
679 365 729 406 ab
758 367 903 406 codem
946 368 1246 422 proclamatur,
1283 378 1324 410 et
1356 369 1564 425 Angelus,
1607 385 1692 413 non

317 438 466 471 natura
482 462 492 477 ,
520 430 592 471 sed
614 430 744 487 gratia
769 432 1015 487 appellatur.

376 494 446 535 ΙΙΙ.
487 493 681 536 Nascitur
702 494 910 543 Joannes,
936 496 1006 552 qui
1030 511 1127 538 cum
1147 506 1257 539 esset
1275 506 1467 540 creatura
1486 531 1494 546 ‚
1518 500 1693 541 Creator

318 577 338 602 a
362 560 504 601 multis
529 562 829 617 reputabatur3
852 577 948 603 cum
971 571 1080 605 esset
1102 563 1256 613 homo,
1281 565 1395 605 velut
1413 565 1524 607 Deus
1544 568 1699 607 adora-

314 625 439 666 batur
464 642 474 672 ;
510 640 606 667 cum
645 636 754 668 essct
793 627 960 669 Domini
998 643 1165 676 servus,
1207 634 1460 671 cunctorum
1499 631 1694 672 dominus

317 690 551 733 dicebatur.
571 693 622 734 Et
643 693 743 749 quid
773 693 925 734 mirum
945 727 953 739 ‚
972 694 1264 736 fratreSPNam
1285 703 1326 735 et
1344 694 1478 735 Jndaei
1501 697 1691 737 Messian]

317 757 619 811 expectabant,
645 767 684 799 et
705 758 914 799 Joanncm
938 760 1189 801 miraculose
1213 769 1465 815 conceptum
1485 770 1526 801 et
1548 770 1691 802 natum

317 822 570 870 audiebant;
599 824 733 880 ipsum
759 839 936 879 puerum
963 839 1171 865 annorum
1196 833 1356 881 septem
1376 825 1415 865 iu
1437 825 1600 867 deserto
1624 826 1695 867 ha-

317 886 449 928 bitare
485 888 702 935 videbant:
734 889 818 929 mel
839 891 1054 945 sylvestre,
1092 890 1277 930 locustas
1310 898 1349 930 et
1382 889 1610 931 herbarum
1633 905 1698 931 ra·-

316 951 428 993 dices
447 954 720 1001 comedebat3
747 952 857 996 filius
884 954 1023 1010 magui
1043 953 1258 996 Zachariae
1280 955 1523 1010 apparebat,
1546 964 1697 997 cuncta

318 1025 485 1059 terrena
508 1018 790 1075 despiciebat,
816 1021 866 1060 ad
884 1020 1006 1075 cujus
1026 1028 1240 1076 aspectum
1267 1027 1379 1061 totus
1402 1021 1582 1076 populus
1611 1030 1698 1062 tre-

321 1083 480 1130 mabam
509 1085 747 1140 exemplum
771 1085 1004 1126 sanctitatis
1025 1085 1190 1126 cunctis
1213 1093 1327 1132 erat,
1355 1093 1395 1125 et
1413 1086 1638 1141 apparebat
1660 1086 1700 1126 in

322 1155 512 1195 tantum,
538 1150 649 1204 quod
687 1149 737 1189 de
771 1151 885 1190 nullo
922 1150 1260 1191 patriarcharum
1292 1151 1358 1190 vel
1393 1150 1702 1206 Prophetarum

323 1213 512 1254 auditum
539 1223 641 1255 erat.
667 1215 778 1265 Quid
813 1231 910 1269 ergo
945 1216 1119 1265 mirum,
1164 1216 1198 1255 si
1229 1215 1340 1255 Deus
1374 1215 1649 1271 reputabatur
1682 1230 1701 1255 a

324 1278 498 1319 multis?
521 1278 640 1319 Licet
662 1279 870 1320 <loannem
899 1295 982 1320 non
1006 1281 1197 1335 legamus
1227 1280 1268 1320 in
1304 1279 1386 1320 vita
1422 1294 1494 1320 sua
1527 1280 1705 1321 miracu-

323 1346 408 1385 luui
434 1345 603 1399 aliquod
630 1345 799 1392 fecisse,
830 1346 908 1386 vita
935 1354 1165 1386 tamensua
1184 1353 1226 1386 et
1241 1345 1455 1392 doctrina,
1478 1360 1603 1400 super
1619 1360 1706 1385 om—

325 1409 441 1452 nium
463 1409 587 1450 vitam
618 1418 657 1450 eft
684 1410 920 1451 doctrinam
944 1411 1284 1452 transcendebat.
1313 1410 1414 1465 Ejus
1439 1410 1700 1451 conversatio

325 1489 493 1529 semper
516 1474 555 1515 in
580 1475 695 1515 coelis
712 1484 816 1516 erat.
839 1474 906 1516 Sic
926 1476 1037 1516 enim
1058 1477 1280 1516 decoratus
1298 1475 1536 1516 ostenditur
1555 1476 1704 1515 doctor

327 1550 471 1580 noster
494 1540 784 1581 sanctissimus
824 1540 1028 1588 Joaunes,
1060 1541 1206 1597 legifer
1238 1549 1398 1586 noster,
1431 1548 1471 1581 et
1505 1540 1704 1582 omnibus

328 1604 574 1647 doctoribus
611 1605 761 1661 major,
789 1605 976 1647 sanctior
1004 1607 1189 1654 cunctis,
1219 1605 1449 1647 terribilior
1471 1606 1702 1654 universis,

330 1670 398 1727 qui
418 1670 646 1727 Prophetas
668 1672 880 1727 praecessit
902 1671 943 1712 in
970 1672 1148 1718 meritis,
1175 1671 1491 1727 supergreditur
1521 1671 1704 1712 Patriar-

329 1736 430 1777 chas
447 1735 696 1792 inpraeiniis‚
713 1752 839 1793 super
860 1736 1076 1793 Apostolos
1091 1737 1244 1777 volavit
1263 1736 1302 1776 in
1317 1736 1473 1792 gratiis,
1503 1735 1705 1789 Martyres

331 1801 544 1857 ampliavit
576 1802 616 1842 in
644 1802 884 1859 suppliciis,
919 1802 1187 1844 Confessores
1211 1801 1424 1843 decoravit
1457 1800 1499 1841 in
1531 1800 1705 1856 vigiliis,

334 1866 525 1923 Virgines
548 1868 693 1910 ditavit
716 1869 936 1925 exemplis,
966 1868 1123 1911 Viduas
1159 1867 1399 1910 sublimavit
1430 1866 1705 1914 abstinentia,

334 1931 594 1989 Conjugatos
611 1934 887 1976 sanctimonia
904 1967 913 1982 ,
936 1933 1185 1976 Sacerdotes
1214 1932 1439 1990 pudicitia,
1469 1930 1701 1973 Monachos

333 1998 674 2041 honorificentia.
704 1999 905 2056 Quisquis
935 2000 1061 2042 etiam
1088 2001 1139 2042 de
1162 1999 1332 2042 soemina
1366 2006 1510 2046 natm,
1538 1996 1710 2039 inferior

331 2063 587 2106 cstJoanne.
617 2064 695 2106 Cui
717 2066 898 2121 denique
918 2064 1171 2108 Sanctorum
1193 2073 1357 2108 tantum
1385 2063 1445 2119 (1)
1466 2078 1508 2105 se
1528 2063 1709 2105 Trinitas

335 2129 669 2172 demonstravit?
687 2132 832 2188 ignoro
850 2148 860 2178 ;
887 2130 953 2172 cui
972 2145 1015 2172 se
1033 2138 1195 2172 tantum
1214 2126 1443 2170 revelavit?
1462 2126 1711 2183 investigare

335 2195 501 2243 nesci03
532 2196 598 2237 cui
636 2199 716 2239 tale
748 2195 1033 2238 testimonium
1069 2194 1310 2253 perhibuit?
1344 2192 1592 2249 investigare
1625 2206 1708 2234 non

336 2274 546 2315 praesurno
572 2257 582 2309 ξ
623 2262 744 2317 cujus
767 2270 906 2304 ortum
944 2269 986 2303 et
1021 2260 1283 2303 nativitatem
1311 2259 1369 2301 sic
1394 2256 1709 2314 magnificavit?

339 2326 492 2381 alloqui
517 2342 601 2368 non
626 2343 808 2385 possum.

399 2390 466 2431 Π.
490 2391 538 2433 Et
560 2401 697 2435 tamen
715 2395 899 2436 Joanues
921 2395 978 2436 sie
997 2395 1218 2436 decoratus
1235 2389 1459 2439 occiditur,
1478 2390 1519 2432 in
1540 2404 1710 2432 carcere

337 2455 585 2504 recluditur,
623 2460 707 2501 sere
737 2460 931 2509 moritur,
959 2460 1289 2517 blasphematur,
1325 2466 1366 2499 et
1399 2463 1711 2514 persequuntur

384 2566 434 2614 (ι)
458 2572 549 2602 Deest
571 2581 698 2604 tautum
719 2574 750 2605 in
769 2574 838 2607 cod.
