1885 3284
350 270 409 316 92
757 268 792 297 S.
838 266 1084 296 AUGUSTINI
1123 265 1327 296 Episcopi

351 334 493 381 monia
515 335 719 394 ejicerent
740 370 748 387 ,
772 350 912 378 caecos
930 332 1267 379 illumina1·ent1.
1305 334 1486 396 Semper
1512 334 1565 379 de
1580 345 1726 379 nostra

347 406 628 460 infirmitate,
662 416 708 450 ut
738 415 878 466 potest
899 405 1166 451 misericors„
1189 415 1231 449 et
1245 405 1409 464 generis
1436 404 1729 467 (1)suicuras

350 494 523 537 gerens,
550 476 651 520 tales
666 475 733 538 (2)
760 486 858 538 post
884 493 1005 520 suam
1041 475 1330 520 ascensionem
1360 475 1511 535 elegit,
1546 477 1619 538 qui
1652 493 1730 539 per

353 558 486 593 artem
510 548 572 608 (Β)
593 558 805 591 terrenam
834 547 1079 592 conterrent
1110 546 1317 591 beneficia
1351 546 1512 591 divina.
1540 548 1637 592 Hoc
1669 556 1733 590 ut-

355 628 458 681 pote
478 634 645 662 summa
670 617 837 679 peragit
857 618 923 678 (4)
952 626 1159 680 potestas,
1179 617 1280 678 quia
1302 634 1376 661 sua
1394 617 1605 662 ineffabili
1627 634 1732 663 voce

360 705 442 751 pro
462 687 648 732 infirmis
667 698 707 732 et
735 687 910 732 advenis
936 705 977 732 se
1002 687 1166 732 venisse
1189 688 1258 748 (5)
1280 697 1457 732 testatus
1475 699 1536 732 est
1554 688 1729 733 dicens:

353 780 374 800 «
394 758 492 804 Non
517 769 578 803 est
606 760 719 803 sanis
739 775 850 821 opus
885 758 1080 803 medicus
1103 796 1112 809 .,
1139 757 1211 803 sed
1248 758 1358 803 male
1395 758 1666 803 habentibus
1684 759 1731 812 23

355 851 375 871 ›>
400 847 480 874 nec
499 830 591 875 veni
616 846 772 874 vocare
793 833 957 888 justos,
981 828 1053 873 sed
1078 839 1330 891 peccatores
1356 828 1409 874 acl
1435 828 1501 891 (o)
1524 829 1737 892 poeniten-

359 921 379 942 »
400 900 507 946 tiam
525 900 556 947 3.
590 922 609 941 υ
631 900 968 945 Consideremus
996 911 1140 944 tamen
1158 911 1433 963 quapropter
1451 899 1551 945 talia
1569 900 1738 945 Sanctis

355 971 526 1017 tribuit.
552 972 709 1015 Pacem
725 970 969 1015 dilexerunt
990 1008 1000 1024 ,
1030 981 1071 1016 θῖ
1097 970 1150 1016 ad
1179 974 1294 1033 pacis
1324 971 1559 1016 Dominum
1579 987 1740 1034 perve—

355 1053 546 1097 nerunt,
572 1042 626 1087 de
644 1058 733 1105 quo
760 1041 829 1105 (7)
854 1041 963 1086 dicit
988 1042 1220 1104 Apostolus
1249 1061 1257 1087 :
1284 1063 1301 1082 t<
1325 1042 1424 1105 Ipse
1442 1041 1510 1105 (8)
1537 1054 1598 1087 est
1624 1041 1740 1087 enim

359 1135 379 1156 ›>
399 1131 482 1178 pax
498 1124 642 1159 nostra
660 1150 671 1169 ‚
697 1113 775 1176 qui
797 1110 900 1157 feeit
921 1123 1108 1175 utraque
1126 1112 1302 1158 unumst.
1317 1133 1337 1154 )>

426 1186 484 1234 ΙΙ,
526 1184 648 1230 Beati
680 1184 812 1244 igitur
846 1184 1024 1229 Cosmas
1067 1195 1108 1229 et
1139 1183 1380 1229 Damianus
1410 1200 1488 1228 nec
1512 1183 1595 1228 sibi
1623 1183 1744 1228 vixe—

361 1266 495 1311 runt,
526 1272 605 1301 nec
633 1255 717 1300 sibi
732 1264 834 1300 sunt
858 1255 1036 1301 mortui.
1074 1254 1333 1317 Exemplum
1353 1254 1467 1299 enim
1486 1253 1613 1299 nobis
1639 1254 1744 1299 reli—

362 1337 582 1391 querunt,
608 1327 718 1371 bene
743 1325 930 1371 vivendo
948 1363 956 1379 ζ
975 1325 1339 1379 conversationis,
1356 1335 1397 1370 et
1422 1324 1649 1370 moriendo
1679 1325 1747 1387 (9)

361 1398 550 1453 fortiter,
569 1396 791 1460 passionis.
803 1396 913 1441 Nam
933 1395 1031 1441 ideo
1047 1396 1260 1441 Dominus
1278 1412 1356 1458 per
1377 1406 1517 1440 totum
1532 1395 1745 1440 mundum

364 1468 543 1514 diversis
561 1467 667 1513 locis
685 1484 756 1512 eos
784 1467 1052 1513 innotescere
1073 1467 1235 1522 voluit,
1251 1477 1300 1512 ut
1321 1483 1471 1511 eorum
1497 1467 1704 1529 precibus
1725 1484 1746 1510 a

365 1538 842 1598 diversislanguoribus
854 1538 1165 1591 liberaremur3
1186 1549 1232 1582 ut
1249 1549 1455 1600 tanquam
1469 1537 1615 1582 idonei
1631 1548 1752 1582 testes

368 1629 446 1657 nos
470 1610 700 1672 praesentia
731 1610 924 1671 quadam
963 1609 1018 1654 ad
1052 1609 1183 1654 fidem
1211 1609 1408 1668 exemplo
1437 1626 1524 1654 suae
1554 1609 1749 1654 curatio—

369 1681 434 1726 nis
459 1689 688 1739 urgerent3
720 1689 765 1722 ut
786 1679 981 1725 ‘humana
1007 1679 1217 1739 fragilitas
1239 1717 1248 1735 ‚
1293 1697 1393 1744 quae
1422 1680 1752 1743 praedicationis

373 1750 619 1796 Dominicae
642 1749 813 1794 auditui
832 1749 1016 1808 longiori
1042 1750 1139 1813 (io)
1161 1751 1229 1796 vix
1248 1750 1388 1795 credit
1410 1788 1420 1806 ‚
1447 1751 1515 1796 vel
1547 1751 1752 1814 praesenti

370 1822 600 1868 oculorum
622 1821 731 1873 visu,
755 1821 942 1866 istorum
965 1821 1115 1866 credat
1133 1824 1172 1883 (ι
1192 1824 1233 1884 1)
1251 1822 1470 1867 mirabilia
1485 1859 1496 1877 ,
1526 1822 1603 1885 qui
1628 1839 1754 1866 com—

371 1902 655 1939 mutaverunt
681 1903 815 1936 artem
840 1891 1184 1937 medicaminum
1203 1894 1248 1937 in
1271 1909 1420 1955 preces
1438 1893 1453 1955 (
1471 1911 1476 1936 1
1493 1894 1537 1954 ρ)
1558 1929 1567 1945 ‚
1593 1902 1640 1937 ut
1668 1892 1754 1938 fide

374 1963 463 2010 sola
480 1962 742 2008 subveniant
756 1999 766 2016 ,
786 1963 862 2026 qui
881 1974 978 2007 ante
994 1980 1070 2025 per
1083 1973 1215 2007 artem
1241 1963 1471 2008 curabant.
1492 1964 1588 2008 Non
1607 1973 1755 2008 tamen

374 2035 427 2081 de
447 2052 523 2080 suo
541 2034 795 2080 habuerunt
818 2071 828 2090 ,
857 2034 928 2079 sed
949 2034 1003 2079 de
1035 2037 1126 2094 ejus
1160 2045 1373 2097 potestate
1401 2034 1502 2097 (13)
1543 2035 1619 2098 qui
1643 2034 1756 2080 salus

374 2117 436 2152 est
471 2104 656 2159 mundi;
683 2116 722 2149 et
747 2104 844 2150 ideo
869 2105 1153 2150 immorantes
1184 2105 1453 2151 subveniunt
1472 2143 1482 2161 ‚
1511 2106 1613 2168 quia
1644 2105 1757 2151 salus

374 2177 530 2224 mundi
547 2176 794 2240 opitulatur
807 2177 879 2223 eis.
900 2178 1009 2222 Nam
1029 2193 1129 2222 cum
1146 2194 1294 2222 omnes
1313 2177 1463 2222 Sancti
1482 2176 1756 2222 devotissime

424 2304 573 2336 ¹Matth.
592 2314 623 2340 x,
642 2304 670 2333 8.
687 2301 824 2337 —21d.
841 2314 884 2339 ix,
906 2314 955 2333 12.
974 2321 1017 2326 —-
1032 2300 1142 2334 31bid.
1166 2305 1216 2335 13.
1231 2321 1277 2326 ·-
1292 2301 1305 2323 ⁴
1320 2301 1436 2345 Ephesy
1456 2313 1491 2337 it,
1512 2310 1564 2337 13..

422 2393 474 2440 (1)
492 2395 569 2427 (jod.
586 2394 770 2425 itineris.-—
791 2392 905 2438 (2)1d,
927 2401 958 2423 et
972 2394 1062 2423 cales.
1078 2412 1121 2417 —
1140 2391 1192 2437 (3)
1209 2393 1256 2425 Id,
1276 2401 1417 2434 partem.
1439 2410 1486 2416 —-
1506 2391 1556 2436 (4)
1575 2393 1619 2423 Id.
1637 2394 1754 2435 pergit.

375 2470 422 2475 -—
436 2450 484 2496 (5)
506 2454 601 2482 Deest
617 2451 747 2481 venisse
765 2451 796 2481 in
818 2450 887 2481 cod.
906 2469 946 2473 ——
967 2447 1018 2493 (6)
1038 2449 1117 2481 Cod.
1139 2450 1170 2478 1'12
1189 2449 1395 2489 poenitentia.
1418 2468 1465 2473 —
1482 2447 1530 2492 (7)
1555 2449 1600 2480 Id.
1619 2450 1659 2479 <le
1672 2462 1753 2490 qua,

375 2526 420 2534 ..-
438 2506 488 2552 (8)
510 2507 555 2538 Id.
578 2507 706 2547 ip<a.-—
720 2505 771 2550 (μ)
783 2507 830 2537 Id.
850 2506 910 2536 etsi
920 2507 1076 2535 curando.
1090 2524 1129 2528 -ψ
1150 2504 1220 2549 (ιω)
1238 2505 1283 2536 Id.
1305 2505 1416 2535 auditu
1437 2506 1593 2547 longiore,
1616 2523 1654 2528 -ο
1680 2504 1710 2549 (ι
1725 2504 1754 2548 ι)

377 2568 477 2597 Deest
494 2564 606 2594 credat
626 2562 657 2594 in
674 2563 749 2596 cod.
770 2582 808 2586 -
833 2561 907 2606 (ιῖ)
925 2562 1006 2594 Cod,
1029 2562 1294 2592 medicaminibus
1310 2561 1357 2591 acl
1369 2573 1490 2602 preces.
1505 2579 1553 2586 -
1569 2560 1644 2605 (13)
1661 2564 1756 2593 Deest

379 2620 411 2651 in
430 2619 499 2652 eod,
518 2620 558 2649 de
570 2626 741 2658 potestate.
