1868 3301
313 226 404 274 368
583 241 616 270 S.
661 238 904 269 AtGUSTthl
943 239 1143 269 Episcopi
1183 239 1417 268 APPENnix.

799 591 1006 633 SERMO
1044 590 1186 633 LXX.

595 734 647 775 In
689 729 839 775 Natali
877 731 1023 774 sancti
1061 730 1301 774 Laurentii
1339 731 1396 772 ll.

370 897 540 953 Legitur
574 893 646 933 hoc
677 893 811 931 suncti
835 890 1050 930 Laurentii
1078 892 1299 928 encomium
1322 891 1362 928 in
1395 888 1497 930 Bt'bl.
1531 889 1684 937 AEdc'l„

318 965 415 1007 Cocl.
448 979 494 1011 x,
519 961 595 1016 sol.
634 962 687 1011 44
720 959 755 1000 b.
798 958 903 998 Hinc
924 961 977 998 sit
999 962 1037 997 in
1070 957 1298 1014 appendice
1330 967 1427 1014 pos!
1464 973 1684 998 sermonem

311 1035 614 1076 Mam-inensem
641 1043 749 1071 ccvii
771 1043 860 1067 enm
878 1042 1044 1067 munero
1070 1030 1109 1066 ιἰι
1132 1025 1282 1065 Natali?
1306 1029 1444 1065 sancti
1480 1026 1690 1066 Laurentii

312 1117 375 1146 111.

865 1221 1142 1264 SYNOPSIS.

364 1358 395 1398 Ι.
432 1355 563 1394 Sancti
583 1353 699 1406 Xysti
713 1359 751 1390 et
770 1351 893 1389 sancti
915 1350 1120 1388 Laurentii
1137 1350 1396 1403 colloquium.
1415 1351 1466 1391 ll.
1490 1351 1598 1390 Beati
1612 1351 1696 1389 dia-

313 1421 403 1460 coni
421 1416 626 1457 sortitudo,
667 1414 740 1454 III,
767 1413 987 1451 Coronatur
1007 1420 1186 1464 tempore
1200 1415 1321 1464 pacis,
1356 1411 1425 1451 IV.
1464 1412 1691 1466 Martyrum

315 1482 545 1522 festivitates
566 1475 772 1530 quomodo
792 1473 1052 1513 celebrandae.

376 1642 406 1683 Ι.
439 1639 659 1684 Amissis,
679 1634 828 1676 fratres
852 1632 1106 1684 charissimi,
1128 1633 1240 1688 quod
1265 1633 1364 1673 dum
1391 1634 1695 1689 perduceretur

318 1703 567 1750 venerabilis
593 1715 720 1743 senex
751 1700 911 1756 Xystus
936 1699 986 1740 ad
1018 1697 1281 1754 passionem,
1314 1698 1491 1754 legimus
1522 1698 1696 1739 sanctis-

320 1773 471 1817 simum
492 1768 767 1813 Laurentium
787 1773 1020 1821 martyrem
1045 1771 1138 1820 post
1160 1764 1294 1820 ipsum
1316 1765 1516 1804 clamasse
1537 1779 1546 1805 ε
1566 1783 1580 1800 «
1600 1763 1694 1814 Quo

319 1835 586 1897 progrederis
608 1834 697 1875 sine
724 1831 826 1879 filio,
856 1829 1003 1887 pater?
1032 1844 1114 1886 quo
1139 1831 1283 1878 modo,
1308 1831 1502 1871 sacerdos
1526 1838 1691 1878 sancte,

320 1905 409 1948 sine
432 1901 624 1944 ministro
636 1896 865 1956 properas?
888 1895 1111 1952 »Legimus
1134 1895 1257 1937 etiam
1284 1895 1566 1936 venerabilem
1589 1910 1695 1951 prae-

321 1971 453 2014 sulem
490 1981 594 2008 voce
636 1961 932 2005 consolationis
969 1970 1153 2018 paternae
1195 1961 1270 2017 ipsi
1301 1962 1361 2014 (ι)
1400 1960 1693 2017 respondisse:

333 2035 454 2079 «Non
477 2048 553 2090 ego
580 2040 617 2072 te
640 2031 802 2075 desero,
829 2027 910 2075 fili,
935 2042 1013 2069 nec
1038 2026 1307 2082 derelinquo,
1339 2026 1411 2068 sed
1435 2025 1594 2082 majora
1622 2025 1696 2067 tibi

324 2102 534 2143 debentur
558 2111 633 2154 pro
653 2095 733 2136 fide
759 2093 915 2136 Christi
938 2092 1183 2134 certamina.
1217 2093 1254 2134 O
1280 2091 1519 2134 dulcissimo.
1548 2090 1605 2132 fili
1622 2124 1630 2139 ‚
1657 2092 1698 2132 in

324 2178 366 2211 te
380 2167 508 2224 pollet
529 2161 768 2221 praeclarior
786 2162 844 2217 (2)
868 2159 1014 2216 gloria„
1031 2159 1090 2199 Te
1110 2158 1267 2200 excitat
1295 2158 1609 2214 sortior-pugna,
1624 2156 1698 2198 tibi

327 2233 507 2276 debetur
540 2227 759 2286 gloriosior
786 2226 939 2282 palma.
973 2223 1183 2265 Exhortor
1215 2232 1255 2264 te
1275 2256 1284 2271 ‚
1320 2222 1403 2271 fili,
1439 2231 1481 2264 et
1511 2237 1663 2263 moneo
1686 2255 1695 2270 ,

326 2308 415 2342 esto
440 2297 499 2338 vir
519 2295 636 2337 fortis
654 2301 695 2334 et
712 2291 900 2349 praeliare
916 2289 1084 2332 Domini
1109 2290 1229 2331 bella.
1257 2289 1359 2331 Nam
1381 2289 1431 2330 de
1451 2288 1698 2345 cognatione

330 2374 399 2408 tna
433 2372 472 2404 te
501 2361 603 2407 tuli,
636 2367 679 2399 et
706 2357 757 2398 de
789 2358 918 2398 domo
951 2355 1078 2412 patris
1104 2355 1163 2396 tui
1193 2364 1233 2396 te
1256 2355 1394 2396 eduxi.
1428 2354 1589 2395 Cuncta
1609 2369 1699 2409 qnae

328 2429 475 2473 mundi
508 2434 605 2468 sunt
635 2422 826 2465 dimisisti
849 2439 858 2470 ;
890 2422 1029 2463 omnia
1062 2420 1263 2477 reliquisti
1287 2432 1328 2462 et
1352 2420 1409 2462 sic
1437 2421 1545 2462 bene
1570 2420 1698 2461 incoe-

329 2495 452 2554 pisti;
491 2492 563 2534 sed
595 2489 690 2546 quia
719 2490 845 2531 modo
878 2495 970 2544 post
1003 2486 1186 2529 triduum
1217 2486 1411 2544 pugnare
1437 2495 1474 2529 te
1507 2493 1695 2543 oportet,

379 2599 427 2644 (ι)
449 2596 528 2629 Cnd.
552 2595 666 2624 sibil—
686 2590 736 2637 (2)
759 2591 804 2623 ld.
818 2591 995 2631 gloriosior,
