1885 3284
88 281 232 312 SERMO
250 280 420 319 LXXXII,
445 279 491 309 ΙΝ
513 278 671 309 NATALt
695 279 730 309 S.
757 276 1003 308 MARTYRUM
1024 277 1211 318 FELICIS,
1235 278 1328 309 ETC.
1393 262 1452 326 75

86 347 164 394 dos
182 347 363 393 sustinet
384 344 549 391 fratres.
597 345 652 391 Et
682 361 784 391 cum
808 344 868 390 sic
884 348 904 388 J
912 343 1037 389 udaea
1058 343 1286 398 fremeret,
1309 354 1351 388 et
1373 343 1455 389 ad-

82 434 230 464 versus
255 416 336 462 Dei
357 415 626 479 Prophetam
647 416 713 478 (ι)
746 414 983 468 insaniret,
1010 412 1278 476 rabidusque
1303 423 1351 458 ut
1379 430 1454 459 ca-

79 488 145 534 nis
162 487 230 551 (2)
255 496 484 541 aestuaret,
511 502 598 531 non
621 486 768 549 potuit
795 484 936 530 delere
960 482 1142 528 Judaeus
1165 482 1284 546 quod
1309 483 1453 546 scrip-

75 568 186 605 serat
204 559 319 603 Deus
335 578 347 612 ς
364 574 442 603 nec
459 557 525 620 (3)
546 556 681 602 valuit
699 555 924 619 subripere
947 554 1142 599 humana
1160 552 1447 609 machinatio,

75 628 196 693 quod
213 628 360 674 divina
380 627 552 673 fuderat
579 626 647 691 (4)
670 626 839 672 electio.
870 647 888 666 α
910 625 1170 689 Priusquam
1191 634 1231 668 te
1249 661 1258 679 ,
1286 623 1445 688 inquit,

75 720 95 741 >³
118 699 351 746 formarem
373 736 383 755 ‚
428 699 474 744 in
512 709 633 744 utero
668 698 769 744 novi
805 707 845 742 te
864 734 874 753 ‚
913 707 956 742 et
981 707 1215 759 antequam
1238 696 1369 740 exires
1396 693 1450 740 de

74 792 94 812 ›>
119 769 250 816 vulva
270 807 281 827 ‚
302 769 573 815 sanctificavi
594 780 635 814 te
658 806 668 822 ‚
695 779 736 813 et
760 768 1025 832 prophetam
1047 766 1249 826 gentibus
1272 767 1342 828 (5)
1362 783 1448 829 po-

74 862 94 882 »
114 841 180 886 sui
205 845 289 886 te¹.
320 862 337 880 »2
370 840 409 884 Ο
440 838 603 885 divinae
640 839 876 885 voluntatis
912 837 1204 884 immutabilis
1242 836 1375 893 ordo,
1401 847 1444 882 et

71 911 235 957 invicta
261 909 481 974 potentia!
513 910 634 955 Facit
657 910 726 973 (6)
754 927 841 956 esse
859 946 869 966 ‚
902 908 1022 973 quod
1043 907 1137 955 vult
1155 927 1167 962 ;
1187 907 1308 968 eligit
1332 918 1447 953 ante-

70 997 204 1045 quam
227 980 407 1034 formet3
443 980 691 1026 sanctificat
720 991 952 1043 antequam
980 989 1124 1033 creet3
1150 977 1294 1041 placet
1318 978 1446 1023 insti-

71 1062 190 1097 tuere
213 1053 330 1115 quod
353 1051 527 1111 diligat3
537 1052 667 1112 jubet
687 1051 805 1096 nasci
832 1049 951 1114 quod
982 1061 1114 1109 regat.
1154 1049 1274 1105 Quid
1294 1059 1445 1094 contra

68 1121 168 1168 haec
189 1138 306 1167 caeca
326 1139 444 1167 mens
460 1122 695 1167 hominum
713 1121 957 1167 mentitur?
988 1119 1096 1184 quid
1109 1130 1262 1165 contra
1277 1119 1440 1165 coelum

69 1192 235 1238 malitia
260 1192 418 1237 debilis
450 1203 492 1237 et
529 1191 705 1237 infirma
728 1194 944 1237 conatur?
988 1190 1242 1236 Patiebatur
1267 1199 1440 1235 sanctus

67 1262 274 1309 Jeremias
289 1263 401 1309 inter
420 1263 699 1326 propinquos
731 1273 1025 1325 cognatosque
1048 1260 1269 1324 pericula,
1301 1272 1342 1306 et
1375 1260 1439 1306 di-

67 1333 168 1378 vina
198 1350 286 1379 non
312 1334 460 1397 potuit
478 1333 701 1378 immutari
724 1333 952 1377 sententia.
1397 1329 1401 1332 ’

132 1405 192 1451 ΙΙ.
234 1405 466 1450 Veniamus
486 1420 605 1449 nunc
626 1403 679 1449 ad
697 1402 852 1448 fortem
882 1402 1061 1448 militem
1092 1413 1133 1448 et
1155 1401 1322 1447 felicem
1340 1438 1352 1457 ‚
1392 1402 1438 1447 in

66 1490 155 1537 quo
177 1485 239 1520 est
273 1475 413 1520 divini
438 1474 578 1521 forma
598 1474 774 1534 judicii.
806 1475 1027 1520 Incertum
1052 1473 1184 1532 igitur
1211 1489 1340 1535 penes
1364 1472 1442 1518 ho-

66 1545 200 1590 mines
223 1547 289 1609 (7)
313 1556 428 1601 erat,
451 1545 572 1608 quod
590 1545 644 1590 de
672 1544 746 1590 illo
767 1555 953 1604 tegerent
975 1544 1124 1589 aeterni
1145 1553 1303 1588 secreta
1331 1560 1441 1588 con-—

65 1615 161 1661 silii.
201 1616 451 1662 Saeviebant
479 1616 640 1661 frustra
662 1625 704 1659 et
737 1625 988 1677 persecutor
1006 1625 1048 1659 et
1072 1613 1276 1659 carnifex.
1308 1634 1325 1652 c<
1352 1614 1439 1669 Qui

66 1697 242 1732 »autem
262 1687 438 1733 habitat
459 1686 505 1732 in
534 1687 657 1732 coelis
676 1685 888 1731 irridebat
912 1703 983 1731 eos
998 1723 1008 1741 ‚
1049 1695 1089 1729 et
1114 1685 1322 1729 Dominus
1341 1684 1440 1729 sub-

66 1780 85 1800 »
106 1758 319 1803 sannabat
335 1760 485 1803 eosP.»
509 1757 782 1803 Cruciabant
816 1756 885 1819 (8)
920 1773 960 1801 se
994 1755 1142 1800 furore
1166 1771 1242 1800 suo
1275 1755 1438 1799 insanae

62 1838 225 1873 mentes
245 1828 313 1891 (9)
326 1847 336 1880 3
350 1827 529 1873 internis
540 1827 769 1873 doloribus
786 1826 1067 1871 laniabantur
1080 1826 1095 1889 (
1110 1843 1119 1871 1
1134 1825 1308 1887 o),quia
1329 1841 1437 1869 con-

60 1897 262 1944 fessorem
292 1897 365 1942 Dei
397 1913 604 1960 superare
625 1913 711 1941 non
735 1907 951 1959 poterant.
986 1897 1102 1942 Hinc
1123 1896 1268 1960 pudor
1293 1912 1433 1955 ungu-

61 1967 145 2023 las,
165 1967 266 2013 inde
283 1968 481 2013 flammas
505 1967 629 2013 cordi
655 1965 779 2012 furor
804 1966 1069 2012 admovebat
1092 1968 1130 2029 (1
1155 1970 1208 2028 ι).
1235 1967 1437 2030 Torque-

61 2039 225 2084 bantur
247 2038 308 2084 illi
333 2076 343 2094 ‚
365 2039 443 2102 qui
468 2056 509 2084 se
535 2049 740 2103 torquere
763 2039 984 2102 putabant
1004 2075 1014 2091 ,
1038 2048 1080 2083 et
1100 2037 1226 2083 nodis
1246 2037 1433 2083 indisso-

60 2109 278 2155 lubilibus
297 2107 489 2169 alligati,
515 2109 680 2155 rabidis
703 2108 968 2155 stridoribus
986 2108 1280 2154 infremebant
1299 2145 1309 2164 ,
1334 2107 1435 2170 quia

62 2190 103 2226 et
117 2179 609 2243 faciebantMartyrem,
630 2190 770 2225 etnon
789 2191 990 2243 poterant
1004 2197 1207 2242 superare
1227 2177 1426 2226 Felicem.

62 2249 294 2309 Augebant
316 2249 496 2309 gloriam
517 2288 528 2306 ‚
559 2254 683 2311 cujus
703 2251 1050 2310 excogitaverant
1070 2265 1276 2313 poenam;
1305 2249 1430 2295 vide-

112 2365 121 2386 ¹
139 2366 259 2398 Jerem.
286 2376 314 2404 1,
333 2367 367 2396 5.
387 2383 431 2388 -
448 2363 463 2386 2
479 2365 560 2396 Psal.
578 2376 689 2403 xxxw,
709 2367 761 2398 16.

108 2442 156 2488 (1)
174 2444 252 2477 Cod.
270 2444 352 2476 male
371 2444 548 2487 Propheta.
567 2463 611 2470 —-
630 2446 679 2490 (2)
695 2447 746 2480 Id.
767 2459 785 2478 ο
799 2447 868 2478 dies
888 2447 1069 2478 immanis!
1086 2455 1293 2478 oestuare.-
1313 2444 1365 2492 (3)
1384 2447 1434 2480 Id.

60 2510 112 2531 ne.
126 2517 173 2523 —-
201 2499 250 2543 (4)
269 2500 316 2531 Id.
341 2500 523 2539 fitnderae3
551 2500 632 2533 forte
651 2503 862 2543 fundaverat.
878 2521 924 2528 --
946 2505 996 2546 (5)
1017 2504 1064 2535 1d.
1084 2504 1165 2534 male
1183 2502 1375 2545 lugentibus.
1391 2521 1433 2527 -

59 2555 108 2598 (6)
127 2555 278 2597 1d.fecit.
298 2574 337 2579 —-—
359 2556 407 2600 (7)
424 2556 476 2590 Id.
493 2559 574 2589 male
585 2570 672 2599 pene
689 2559 836 2592 hominis.
859 2578 902 2584 -—
926 2560 977 2600 (8)
994 2560 1040 2591 Id.
1057 2560 1296 2592 cruciabantur.
1317 2577 1361 2583 —
1381 2559 1435 2603 (9)

58 2611 105 2642 ld.
123 2611 242 2642 insana
263 2621 370 2643 mente
402 2632 446 2639 —
466 2615 534 2658 (ro)
555 2614 604 2645 Id.
617 2615 805 2650 laniabant,
825 2635 865 2641 «-
888 2616 961 2659 (ιι)
985 2616 1032 2649 [d.
1061 2615 1154 2654 ferus
1181 2616 1406 2647 admovebant.
