<?xml version="1.0" encoding="UTF-8"?>
<!DOCTYPE html PUBLIC "-//W3C//DTD XHTML 1.0 Transitional//EN"
    "http://www.w3.org/TR/xhtml1/DTD/xhtml1-transitional.dtd">
<html xmlns="http://www.w3.org/1999/xhtml" xml:lang="en" lang="en">
 <head>
  <title>
</title>
<meta http-equiv="Content-Type" content="text/html;charset=utf-8" />
  <meta name='ocr-system' content='tesseract 3.04.00' />
  <meta name='ocr-capabilities' content='ocr_page ocr_carea ocr_par ocr_line ocrx_word'/>
</head>
<body>
  <div class='ocr_page' id='page_1' title='image "./p2operaomniaaccu24auguuoft_0450.png"; bbox 0 0 1868 3301; ppageno 0'>
   <div class='ocr_carea' id='block_1_1' title="bbox 249 218 1359 276">
    <p class='ocr_par' dir='ltr' id='par_1_1' title="bbox 249 218 1359 276">
     <span class='ocr_line' id='line_1_1' title="bbox 249 218 1359 276; baseline 0.005 -11"><span class='ocrx_word' id='word_1_1' title='bbox 249 218 339 276; x_wconf 65' lang='lat'>4²40</span> <span class='ocrx_word' id='word_1_2' title='bbox 508 235 541 265; x_wconf 74' lang='grc' dir='ltr'>ε.</span> <span class='ocrx_word' id='word_1_3' title='bbox 588 234 837 267; x_wconf 72' lang='lat' dir='ltr'>Ancusrnw</span> <span class='ocrx_word' id='word_1_4' title='bbox 875 236 1081 268; x_wconf 67' lang='lat' dir='ltr'>nriscom</span> <span class='ocrx_word' id='word_1_5' title='bbox 1120 237 1359 272; x_wconf 69' lang='lat' dir='ltr'>Arrmmx.</span> 
     </span>
    </p>
   </div>
   <div class='ocr_carea' id='block_1_2' title="bbox 235 301 1676 2320">
    <p class='ocr_par' dir='ltr' id='par_1_2' title="bbox 235 301 1635 1337">
     <span class='ocr_line' id='line_1_2' title="bbox 252 301 1627 365; baseline 0.008 -26"><span class='ocrx_word' id='word_1_6' title='bbox 252 301 384 342; x_wconf 78' lang='lat' dir='ltr'>‚vivat</span> <span class='ocrx_word' id='word_1_7' title='bbox 400 308 441 342; x_wconf 84' lang='lat' dir='ltr'>ct</span> <span class='ocrx_word' id='word_1_8' title='bbox 466 315 547 342; x_wconf 90' lang='lat' dir='ltr'>non</span> <span class='ocrx_word' id='word_1_9' title='bbox 570 302 709 343; x_wconf 85' lang='lat' dir='ltr'>videat</span> <span class='ocrx_word' id='word_1_10' title='bbox 726 303 972 344; x_wconf 71' lang='lat' dir='ltr'>inortem¹.o</span> <span class='ocrx_word' id='word_1_11' title='bbox 997 303 1135 345; x_wconf 85' lang='lat' dir='ltr'>Dicite</span> <span class='ocrx_word' id='word_1_12' title='bbox 1152 319 1266 361; x_wconf 80' lang='lat' dir='ltr'>ergo,</span> <span class='ocrx_word' id='word_1_13' title='bbox 1288 320 1312 347; x_wconf 91' lang='lat' dir='ltr'>o</span> <span class='ocrx_word' id='word_1_14' title='bbox 1327 319 1399 348; x_wconf 85' lang='lat' dir='ltr'>vos</span> <span class='ocrx_word' id='word_1_15' title='bbox 1417 304 1627 365; x_wconf 75' lang='lat' dir='ltr'><strong>principes</strong></span> 
     </span>
     <span class='ocr_line' id='line_1_3' title="bbox 246 365 1627 429; baseline 0.005 -22"><span class='ocrx_word' id='word_1_16' title='bbox 246 378 288 407; x_wconf 83' lang='lat' dir='ltr'>ct</span> <span class='ocrx_word' id='word_1_17' title='bbox 310 365 513 412; x_wconf 77' lang='lat' dir='ltr'>barones,</span> <span class='ocrx_word' id='word_1_18' title='bbox 541 366 611 407; x_wconf 91' lang='lat' dir='ltr'>ubi</span> <span class='ocrx_word' id='word_1_19' title='bbox 636 367 690 407; x_wconf 83' lang='lat' dir='ltr'>sit</span> <span class='ocrx_word' id='word_1_20' title='bbox 715 368 901 423; x_wconf 81' lang='lat' dir='ltr'>potentia</span> <span class='ocrx_word' id='word_1_21' title='bbox 917 375 1054 409; x_wconf 81' lang='lat' dir='ltr'>vestra</span> <span class='ocrx_word' id='word_1_22' title='bbox 1070 367 1088 408; x_wconf 76' lang='grc' dir='ltr'><strong><em>Ρ</em></strong></span> <span class='ocrx_word' id='word_1_23' title='bbox 1104 369 1174 409; x_wconf 85' lang='lat' dir='ltr'>ubi</span> <span class='ocrx_word' id='word_1_24' title='bbox 1199 371 1384 426; x_wconf 85' lang='lat' dir='ltr'>potentia</span> <span class='ocrx_word' id='word_1_25' title='bbox 1407 372 1544 413; x_wconf 86' lang='lat' dir='ltr'>lleber</span> <span class='ocrx_word' id='word_1_26' title='bbox 1563 373 1627 429; x_wconf 83' lang='lat' dir='ltr'>gi-</span> 
     </span>
     <span class='ocr_line' id='line_1_4' title="bbox 245 430 1629 491; baseline 0.007 -22"><span class='ocrx_word' id='word_1_27' title='bbox 245 430 401 488; x_wconf 79' lang='lat' dir='ltr'>gantis,</span> <span class='ocrx_word' id='word_1_28' title='bbox 429 430 500 485; x_wconf 85' lang='lat' dir='ltr'>qui</span> <span class='ocrx_word' id='word_1_29' title='bbox 526 430 731 472; x_wconf 76' lang='lat' dir='ltr'>terribilia</span> <span class='ocrx_word' id='word_1_30' title='bbox 757 432 796 472; x_wconf 85' lang='lat' dir='ltr'>in</span> <span class='ocrx_word' id='word_1_31' title='bbox 825 441 933 473; x_wconf 60' lang='lat' dir='ltr'>terra</span> <span class='ocrx_word' id='word_1_32' title='bbox 953 440 994 472; x_wconf 86' lang='lat' dir='ltr'>et</span> <span class='ocrx_word' id='word_1_33' title='bbox 1017 432 1183 474; x_wconf 85' lang='lat' dir='ltr'>inmari</span> <span class='ocrx_word' id='word_1_34' title='bbox 1205 434 1331 476; x_wconf 72' lang='lat' dir='ltr'>fecit?</span> <span class='ocrx_word' id='word_1_35' title='bbox 1354 435 1423 476; x_wconf 87' lang='lat' dir='ltr'>nbi</span> <span class='ocrx_word' id='word_1_36' title='bbox 1441 436 1629 491; x_wconf 84' lang='lat' dir='ltr'>potentia</span> 
     </span>
     <span class='ocr_line' id='line_1_5' title="bbox 247 495 1628 555; baseline 0.004 -17"><span class='ocrx_word' id='word_1_37' title='bbox 247 495 412 538; x_wconf 63' lang='lat' dir='ltr'>Nerone</span> <span class='ocrx_word' id='word_1_38' title='bbox 442 497 521 551; x_wconf 87' lang='lat'>(1),</span> <span class='ocrx_word' id='word_1_39' title='bbox 548 496 620 551; x_wconf 82' lang='lat' dir='ltr'>qui</span> <span class='ocrx_word' id='word_1_40' title='bbox 645 498 851 553; x_wconf 75' lang='lat' dir='ltr'>magnalia</span> <span class='ocrx_word' id='word_1_41' title='bbox 875 496 966 538; x_wconf 83' lang='lat' dir='ltr'>ficri</span> <span class='ocrx_word' id='word_1_42' title='bbox 990 496 1110 553; x_wconf 87' lang='lat' dir='ltr'>jussit</span> <span class='ocrx_word' id='word_1_43' title='bbox 1134 497 1152 539; x_wconf 75' lang='lat' dir='ltr'>P</span> <span class='ocrx_word' id='word_1_44' title='bbox 1174 499 1245 540; x_wconf 84' lang='lat' dir='ltr'>ubi</span> <span class='ocrx_word' id='word_1_45' title='bbox 1269 501 1453 555; x_wconf 85' lang='lat' dir='ltr'>potentia</span> <span class='ocrx_word' id='word_1_46' title='bbox 1471 510 1513 542; x_wconf 88' lang='lat' dir='ltr'>et</span> <span class='ocrx_word' id='word_1_47' title='bbox 1535 501 1628 542; x_wconf 87' lang='lat' dir='ltr'>vic—-</span> 
     </span>
     <span class='ocr_line' id='line_1_6' title="bbox 248 560 1630 620; baseline 0.004 -18"><span class='ocrx_word' id='word_1_48' title='bbox 248 560 350 602; x_wconf 80' lang='lat' dir='ltr'>toria</span> <span class='ocrx_word' id='word_1_49' title='bbox 378 560 524 608; x_wconf 81' lang='lat' dir='ltr'>Assur,</span> <span class='ocrx_word' id='word_1_50' title='bbox 548 562 622 618; x_wconf 84' lang='lat' dir='ltr'>qui</span> <span class='ocrx_word' id='word_1_51' title='bbox 641 563 1018 604; x_wconf 81' lang='lat' dir='ltr'>Ninive&#39;civitatom</span> <span class='ocrx_word' id='word_1_52' title='bbox 1041 565 1243 620; x_wconf 78' lang='lat' dir='ltr'>grandem</span> <span class='ocrx_word' id='word_1_53' title='bbox 1267 564 1528 607; x_wconf 78' lang='lat' dir='ltr'>aedificaviti‘</span> <span class='ocrx_word' id='word_1_54' title='bbox 1558 566 1630 608; x_wconf 83' lang='lat' dir='ltr'>ubi</span> 
     </span>
     <span class='ocr_line' id='line_1_7' title="bbox 247 627 1631 685; baseline 0.005 -19"><span class='ocrx_word' id='word_1_55' title='bbox 247 627 431 683; x_wconf 85' lang='lat' dir='ltr'>potentia</span> <span class='ocrx_word' id='word_1_56' title='bbox 458 636 500 668; x_wconf 84' lang='lat' dir='ltr'>et</span> <span class='ocrx_word' id='word_1_57' title='bbox 517 627 689 669; x_wconf 79' lang='lat' dir='ltr'>victoria</span> <span class='ocrx_word' id='word_1_58' title='bbox 713 628 883 670; x_wconf 82' lang='lat' dir='ltr'>Nachor</span> <span class='ocrx_word' id='word_1_59' title='bbox 906 628 1100 683; x_wconf 79' lang='lat' dir='ltr'>junioriS,</span> <span class='ocrx_word' id='word_1_60' title='bbox 1124 630 1195 685; x_wconf 87' lang='lat' dir='ltr'>qui</span> <span class='ocrx_word' id='word_1_61' title='bbox 1213 629 1386 685; x_wconf 85' lang='lat' dir='ltr'>Trojam</span> <span class='ocrx_word' id='word_1_62' title='bbox 1413 631 1631 673; x_wconf 75' lang='lat' dir='ltr'>destrucre</span> 
     </span>
     <span class='ocr_line' id='line_1_8' title="bbox 235 692 1623 753; baseline 0.004 -19"><span class='ocrx_word' id='word_1_63' title='bbox 235 692 451 734; x_wconf 66' lang='lat' dir='ltr'>tentavit?</span> <span class='ocrx_word' id='word_1_64' title='bbox 476 693 547 733; x_wconf 86' lang='lat' dir='ltr'>nbi</span> <span class='ocrx_word' id='word_1_65' title='bbox 571 694 754 749; x_wconf 69' lang='lat' dir='ltr'>potentia</span> <span class='ocrx_word' id='word_1_66' title='bbox 783 703 824 735; x_wconf 87' lang='lat' dir='ltr'>et</span> <span class='ocrx_word' id='word_1_67' title='bbox 843 694 1044 750; x_wconf 83' lang='lat' dir='ltr'>sapientia</span> <span class='ocrx_word' id='word_1_68' title='bbox 1061 694 1217 737; x_wconf 78' lang='lat' dir='ltr'>Toreni</span> <span class='ocrx_word' id='word_1_69' title='bbox 1233 728 1242 742; x_wconf 91' lang='lat'><strong>,</strong></span> <span class='ocrx_word' id='word_1_70' title='bbox 1265 696 1334 751; x_wconf 85' lang='lat' dir='ltr'>qui</span> <span class='ocrx_word' id='word_1_71' title='bbox 1355 696 1497 749; x_wconf 74' lang='lat' dir='ltr'>inruet</span> <span class='ocrx_word' id='word_1_72' title='bbox 1513 698 1623 753; x_wconf 81' lang='lat' dir='ltr'>leges</span> 
     </span>
     <span class='ocr_line' id='line_1_9' title="bbox 248 757 1619 817; baseline 0.004 -20"><span class='ocrx_word' id='word_1_73' title='bbox 248 757 287 798; x_wconf 90' lang='lat' dir='ltr'>in</span> <span class='ocrx_word' id='word_1_74' title='bbox 309 757 469 797; x_wconf 70' lang='lat' dir='ltr'>Crzrcia</span> <span class='ocrx_word' id='word_1_75' title='bbox 493 758 711 800; x_wconf 72' lang='lat' dir='ltr'>condidit?</span> <span class='ocrx_word' id='word_1_76' title='bbox 737 760 806 799; x_wconf 85' lang='lat' dir='ltr'>ubi</span> <span class='ocrx_word' id='word_1_77' title='bbox 830 760 1016 816; x_wconf 84' lang='lat' dir='ltr'>potentia</span> <span class='ocrx_word' id='word_1_78' title='bbox 1044 768 1084 801; x_wconf 89' lang='lat' dir='ltr'>ct</span> <span class='ocrx_word' id='word_1_79' title='bbox 1109 761 1310 817; x_wconf 71' lang='lat' dir='ltr'>sapientia</span> <span class='ocrx_word' id='word_1_80' title='bbox 1331 760 1619 809; x_wconf 75' lang='lat' dir='ltr'>Gathonielis,</span> 
     </span>
     <span class='ocr_line' id='line_1_10' title="bbox 249 823 1624 882; baseline 0.003 -19"><span class='ocrx_word' id='word_1_81' title='bbox 249 823 316 879; x_wconf 87' lang='lat' dir='ltr'>qni</span> <span class='ocrx_word' id='word_1_82' title='bbox 342 824 877 881; x_wconf 69' lang='lat' dir='ltr'>grmcaslitteraspriinitus</span> <span class='ocrx_word' id='word_1_83' title='bbox 894 825 1129 866; x_wconf 75' lang='lat' dir='ltr'>adinvenit?</span> <span class='ocrx_word' id='word_1_84' title='bbox 1149 825 1219 867; x_wconf 74' lang='lat' dir='ltr'>ubi</span> <span class='ocrx_word' id='word_1_85' title='bbox 1244 826 1391 867; x_wconf 84' lang='lat' dir='ltr'>astutia</span> <span class='ocrx_word' id='word_1_86' title='bbox 1411 826 1624 882; x_wconf 73' lang='lat' dir='ltr'>Borphaei,</span> 
     </span>
     <span class='ocr_line' id='line_1_11' title="bbox 250 888 1630 948; baseline 0.003 -20"><span class='ocrx_word' id='word_1_87' title='bbox 250 889 319 944; x_wconf 92' lang='lat' dir='ltr'>qui</span> <span class='ocrx_word' id='word_1_88' title='bbox 341 888 475 943; x_wconf 82' lang='lat' dir='ltr'>primo</span> <span class='ocrx_word' id='word_1_89' title='bbox 501 903 626 930; x_wconf 79' lang='lat' dir='ltr'>naves</span> <span class='ocrx_word' id='word_1_90' title='bbox 652 891 887 931; x_wconf 72' lang='lat' dir='ltr'>construxit</span> <span class='ocrx_word' id='word_1_91' title='bbox 915 899 957 932; x_wconf 84' lang='lat' dir='ltr'>et</span> <span class='ocrx_word' id='word_1_92' title='bbox 986 890 1180 947; x_wconf 78' lang='lat' dir='ltr'>navigare</span> <span class='ocrx_word' id='word_1_93' title='bbox 1204 891 1338 948; x_wconf 86' lang='lat' dir='ltr'>primo</span> <span class='ocrx_word' id='word_1_94' title='bbox 1369 892 1532 948; x_wconf 73' lang='lat' dir='ltr'>coepit?</span> <span class='ocrx_word' id='word_1_95' title='bbox 1557 891 1630 933; x_wconf 83' lang='lat' dir='ltr'>ubi</span> 
     </span>
     <span class='ocr_line' id='line_1_12' title="bbox 250 954 1629 1014; baseline 0.002 -19"><span class='ocrx_word' id='word_1_96' title='bbox 250 954 490 1009; x_wconf 78' lang='lat' dir='ltr'>speculator</span> <span class='ocrx_word' id='word_1_97' title='bbox 512 954 651 1003; x_wconf 72' lang='lat' dir='ltr'>Eleas,</span> <span class='ocrx_word' id='word_1_98' title='bbox 672 955 741 1010; x_wconf 86' lang='lat' dir='ltr'>qui</span> <span class='ocrx_word' id='word_1_99' title='bbox 767 955 955 1013; x_wconf 74' lang='lat' dir='ltr'>picturas</span> <span class='ocrx_word' id='word_1_100' title='bbox 978 965 1019 998; x_wconf 86' lang='lat' dir='ltr'>et</span> <span class='ocrx_word' id='word_1_101' title='bbox 1036 958 1272 1014; x_wconf 83' lang='lat' dir='ltr'>sculpturas</span> <span class='ocrx_word' id='word_1_102' title='bbox 1294 957 1429 1013; x_wconf 87' lang='lat' dir='ltr'>primo</span> <span class='ocrx_word' id='word_1_103' title='bbox 1447 957 1629 999; x_wconf 78' lang='lat' dir='ltr'>fabrica-</span> 
     </span>
     <span class='ocr_line' id='line_1_13' title="bbox 252 1017 1631 1079; baseline 0.004 -21"><span class='ocrx_word' id='word_1_104' title='bbox 252 1017 335 1060; x_wconf 72' lang='lat' dir='ltr'>vit?</span> <span class='ocrx_word' id='word_1_105' title='bbox 358 1018 429 1059; x_wconf 90' lang='lat' dir='ltr'>ubi</span> <span class='ocrx_word' id='word_1_106' title='bbox 453 1020 638 1075; x_wconf 82' lang='lat' dir='ltr'>potentia</span> <span class='ocrx_word' id='word_1_107' title='bbox 658 1019 804 1078; x_wconf 79' lang='lat' dir='ltr'>Sogor,</span> <span class='ocrx_word' id='word_1_108' title='bbox 822 1022 891 1078; x_wconf 91' lang='lat' dir='ltr'>qui</span> <span class='ocrx_word' id='word_1_109' title='bbox 911 1022 1162 1079; x_wconf 79' lang='lat' dir='ltr'>quingentos</span> <span class='ocrx_word' id='word_1_110' title='bbox 1178 1022 1287 1063; x_wconf 83' lang='lat' dir='ltr'>viros</span> <span class='ocrx_word' id='word_1_111' title='bbox 1305 1021 1533 1064; x_wconf 74' lang='lat' dir='ltr'>bellatores</span> <span class='ocrx_word' id='word_1_112' title='bbox 1548 1037 1631 1063; x_wconf 91' lang='lat' dir='ltr'>nno</span> 
     </span>
     <span class='ocr_line' id='line_1_14' title="bbox 252 1084 1635 1143; baseline 0.002 -19"><span class='ocrx_word' id='word_1_113' title='bbox 252 1099 421 1124; x_wconf 77' lang='lat' dir='ltr'>vomere</span> <span class='ocrx_word' id='word_1_114' title='bbox 440 1084 706 1126; x_wconf 76' lang='lat' dir='ltr'>occiditPubi</span> <span class='ocrx_word' id='word_1_115' title='bbox 727 1087 901 1142; x_wconf 84' lang='lat' dir='ltr'>suntqui</span> <span class='ocrx_word' id='word_1_116' title='bbox 917 1096 1149 1129; x_wconf 77' lang='lat' dir='ltr'>conventus</span> <span class='ocrx_word' id='word_1_117' title='bbox 1162 1086 1442 1143; x_wconf 84' lang='lat' dir='ltr'>disponebant</span> <span class='ocrx_word' id='word_1_118' title='bbox 1456 1085 1635 1129; x_wconf 76' lang='lat' dir='ltr'>etsestai’</span> 
     </span>
     <span class='ocr_line' id='line_1_15' title="bbox 253 1149 1634 1210; baseline 0.001 -18"><span class='ocrx_word' id='word_1_119' title='bbox 253 1149 411 1192; x_wconf 81' lang='lat' dir='ltr'>Omnes</span> <span class='ocrx_word' id='word_1_120' title='bbox 437 1150 579 1190; x_wconf 87' lang='lat' dir='ltr'>dicere</span> <span class='ocrx_word' id='word_1_121' title='bbox 610 1161 785 1207; x_wconf 84' lang='lat' dir='ltr'>possunt</span> <span class='ocrx_word' id='word_1_122' title='bbox 811 1168 820 1194; x_wconf 75' lang='grc' dir='ltr'><strong><em>ε</em></strong></span> <span class='ocrx_word' id='word_1_123' title='bbox 847 1153 1015 1195; x_wconf 85' lang='lat' dir='ltr'>Fratres</span> <span class='ocrx_word' id='word_1_124' title='bbox 1032 1185 1042 1201; x_wconf 91' lang='lat'><strong>,</strong></span> <span class='ocrx_word' id='word_1_125' title='bbox 1071 1154 1212 1194; x_wconf 84' lang='lat' dir='ltr'>nullus</span> <span class='ocrx_word' id='word_1_126' title='bbox 1236 1153 1317 1194; x_wconf 88' lang='lat' dir='ltr'>hoc</span> <span class='ocrx_word' id='word_1_127' title='bbox 1341 1168 1494 1210; x_wconf 83' lang='lat' dir='ltr'>negare</span> <span class='ocrx_word' id='word_1_128' title='bbox 1513 1160 1634 1210; x_wconf 82' lang='lat' dir='ltr'>pote-</span> 
     </span>
     <span class='ocr_line' id='line_1_16' title="bbox 255 1215 1633 1275; baseline 0.002 -20"><span class='ocrx_word' id='word_1_129' title='bbox 255 1215 334 1260; x_wconf 86' lang='lat' dir='ltr'>rit,</span> <span class='ocrx_word' id='word_1_130' title='bbox 358 1217 474 1270; x_wconf 80' lang='lat' dir='ltr'>quod</span> <span class='ocrx_word' id='word_1_131' title='bbox 500 1224 678 1257; x_wconf 80' lang='lat' dir='ltr'>mortem</span> <span class='ocrx_word' id='word_1_132' title='bbox 701 1232 784 1257; x_wconf 92' lang='lat' dir='ltr'>non</span> <span class='ocrx_word' id='word_1_133' title='bbox 809 1217 982 1266; x_wconf 88' lang='lat' dir='ltr'>viderit,</span> <span class='ocrx_word' id='word_1_134' title='bbox 1005 1218 1119 1275; x_wconf 84' lang='lat' dir='ltr'>quod</span> <span class='ocrx_word' id='word_1_135' title='bbox 1136 1233 1221 1259; x_wconf 91' lang='lat' dir='ltr'>non</span> <span class='ocrx_word' id='word_1_136' title='bbox 1243 1225 1396 1259; x_wconf 86' lang='lat' dir='ltr'>cuncta</span> <span class='ocrx_word' id='word_1_137' title='bbox 1413 1217 1633 1265; x_wconf 83' lang='lat' dir='ltr'>dimiserit,</span> 
     </span>
     <span class='ocr_line' id='line_1_17' title="bbox 258 1280 843 1337; baseline 0.012 -19"><span class='ocrx_word' id='word_1_138' title='bbox 258 1281 371 1337; x_wconf 79' lang='lat' dir='ltr'>qnod</span> <span class='ocrx_word' id='word_1_139' title='bbox 396 1295 476 1321; x_wconf 83' lang='lat' dir='ltr'>non</span> <span class='ocrx_word' id='word_1_140' title='bbox 499 1280 686 1323; x_wconf 77' lang='lat' dir='ltr'>timuerit</span> <span class='ocrx_word' id='word_1_141' title='bbox 709 1284 843 1325; x_wconf 82' lang='lat' dir='ltr'>valde.</span> 
     </span>
    </p>

    <p class='ocr_par' dir='ltr' id='par_1_3' title="bbox 259 1344 1676 2320">
     <span class='ocr_line' id='line_1_18' title="bbox 317 1344 1638 1402; baseline 0.003 -16"><span class='ocrx_word' id='word_1_142' title='bbox 317 1345 368 1386; x_wconf 85' lang='lat' dir='ltr'>ll.</span> <span class='ocrx_word' id='word_1_143' title='bbox 406 1344 442 1386; x_wconf 88' lang='grc' dir='ltr'>Ο</span> <span class='ocrx_word' id='word_1_144' title='bbox 461 1360 573 1386; x_wconf 84' lang='lat' dir='ltr'>mors</span> <span class='ocrx_word' id='word_1_145' title='bbox 603 1349 661 1402; x_wconf 79' lang='lat'>(2)</span> <span class='ocrx_word' id='word_1_146' title='bbox 689 1348 944 1389; x_wconf 72' lang='lat' dir='ltr'>saevissima!</span> <span class='ocrx_word' id='word_1_147' title='bbox 975 1362 1000 1389; x_wconf 90' lang='lat' dir='ltr'>o</span> <span class='ocrx_word' id='word_1_148' title='bbox 1024 1362 1138 1390; x_wconf 86' lang='lat' dir='ltr'>mors</span> <span class='ocrx_word' id='word_1_149' title='bbox 1162 1346 1432 1389; x_wconf 81' lang='lat' dir='ltr'>fidelissima!</span> <span class='ocrx_word' id='word_1_150' title='bbox 1466 1361 1491 1388; x_wconf 91' lang='lat' dir='ltr'>o</span> <span class='ocrx_word' id='word_1_151' title='bbox 1524 1361 1638 1390; x_wconf 87' lang='lat' dir='ltr'>mors</span> 
     </span>
     <span class='ocr_line' id='line_1_19' title="bbox 260 1411 1638 1470; baseline 0.002 -18"><span class='ocrx_word' id='word_1_152' title='bbox 260 1411 522 1452; x_wconf 72' lang='lat' dir='ltr'>necessaria!</span> <span class='ocrx_word' id='word_1_153' title='bbox 549 1411 673 1469; x_wconf 81' lang='lat' dir='ltr'>Rapis</span> <span class='ocrx_word' id='word_1_154' title='bbox 698 1411 827 1459; x_wconf 80' lang='lat' dir='ltr'>filios,</span> <span class='ocrx_word' id='word_1_155' title='bbox 851 1427 931 1454; x_wconf 88' lang='lat' dir='ltr'>nec</span> <span class='ocrx_word' id='word_1_156' title='bbox 957 1413 1209 1470; x_wconf 85' lang='lat' dir='ltr'>compateris</span> <span class='ocrx_word' id='word_1_157' title='bbox 1231 1413 1501 1469; x_wconf 82' lang='lat' dir='ltr'>parentibus3</span> <span class='ocrx_word' id='word_1_158' title='bbox 1529 1412 1638 1469; x_wconf 82' lang='lat' dir='ltr'>rapis</span> 
     </span>
     <span class='ocr_line' id='line_1_20' title="bbox 259 1478 1676 1535; baseline 0.001 -18"><span class='ocrx_word' id='word_1_159' title='bbox 259 1485 421 1534; x_wconf 67' lang='lat' dir='ltr'>patros,</span> <span class='ocrx_word' id='word_1_160' title='bbox 444 1492 521 1518; x_wconf 85' lang='lat' dir='ltr'>nec</span> <span class='ocrx_word' id='word_1_161' title='bbox 542 1478 677 1533; x_wconf 78' lang='lat' dir='ltr'>parcis</span> <span class='ocrx_word' id='word_1_162' title='bbox 700 1479 924 1534; x_wconf 72' lang='lat' dir='ltr'>orphanisg</span> <span class='ocrx_word' id='word_1_163' title='bbox 946 1479 1054 1534; x_wconf 84' lang='lat' dir='ltr'>rapis</span> <span class='ocrx_word' id='word_1_164' title='bbox 1074 1487 1251 1525; x_wconf 80' lang='lat' dir='ltr'>matres,</span> <span class='ocrx_word' id='word_1_165' title='bbox 1267 1493 1345 1519; x_wconf 84' lang='lat' dir='ltr'>nec</span> <span class='ocrx_word' id='word_1_166' title='bbox 1365 1478 1532 1534; x_wconf 89' lang='lat' dir='ltr'>pupillis</span> <span class='ocrx_word' id='word_1_167' title='bbox 1551 1493 1642 1535; x_wconf 77' lang='lat' dir='ltr'>par·</span> <span class='ocrx_word' id='word_1_168' title='bbox 1673 1497 1676 1500; x_wconf 58' lang='grc'>’</span> 
     </span>
     <span class='ocr_line' id='line_1_21' title="bbox 261 1541 1637 1599; baseline 0 -16"><span class='ocrx_word' id='word_1_169' title='bbox 261 1541 332 1583; x_wconf 73' lang='lat' dir='ltr'>cis.</span> <span class='ocrx_word' id='word_1_170' title='bbox 363 1541 400 1583; x_wconf 86' lang='lat' dir='ltr'><em>O</em></span> <span class='ocrx_word' id='word_1_171' title='bbox 425 1556 536 1582; x_wconf 78' lang='lat' dir='ltr'>mors</span> <span class='ocrx_word' id='word_1_172' title='bbox 559 1557 687 1597; x_wconf 78' lang='lat' dir='ltr'>quain</span> <span class='ocrx_word' id='word_1_173' title='bbox 714 1558 862 1599; x_wconf 75' lang='lat' dir='ltr'>inagna</span> <span class='ocrx_word' id='word_1_174' title='bbox 885 1551 948 1584; x_wconf 77' lang='lat' dir='ltr'>ost</span> <span class='ocrx_word' id='word_1_175' title='bbox 980 1543 1165 1598; x_wconf 83' lang='lat' dir='ltr'>potentia</span> <span class='ocrx_word' id='word_1_176' title='bbox 1196 1551 1264 1584; x_wconf 84' lang='lat' dir='ltr'>tua</span> <span class='ocrx_word' id='word_1_177' title='bbox 1289 1543 1297 1583; x_wconf 83' lang='lat' dir='ltr'>l</span> <span class='ocrx_word' id='word_1_178' title='bbox 1337 1557 1464 1598; x_wconf 80' lang='lat' dir='ltr'>quain</span> <span class='ocrx_word' id='word_1_179' title='bbox 1488 1542 1607 1583; x_wconf 83' lang='lat' dir='ltr'>sortis</span> <span class='ocrx_word' id='word_1_180' title='bbox 1626 1574 1637 1590; x_wconf 96' lang='lat'><em>,</em></span> 
     </span>
     <span class='ocr_line' id='line_1_22' title="bbox 263 1607 1642 1663; baseline 0.001 -17"><span class='ocrx_word' id='word_1_181' title='bbox 263 1622 386 1662; x_wconf 80' lang='lat' dir='ltr'>quain</span> <span class='ocrx_word' id='word_1_182' title='bbox 413 1607 614 1647; x_wconf 77' lang='lat' dir='ltr'>mirabilis</span> <span class='ocrx_word' id='word_1_183' title='bbox 638 1608 850 1648; x_wconf 80' lang='lat' dir='ltr'>damnatio</span> <span class='ocrx_word' id='word_1_184' title='bbox 870 1608 963 1648; x_wconf 75' lang='lat' dir='ltr'>tua!</span> <span class='ocrx_word' id='word_1_185' title='bbox 989 1609 1013 1649; x_wconf 67' lang='lat' dir='ltr'>[j</span> <span class='ocrx_word' id='word_1_186' title='bbox 1025 1608 1149 1662; x_wconf 76' lang='lat' dir='ltr'>bique</span> <span class='ocrx_word' id='word_1_187' title='bbox 1172 1621 1320 1663; x_wconf 78' lang='lat' dir='ltr'>magna</span> <span class='ocrx_word' id='word_1_188' title='bbox 1338 1639 1348 1654; x_wconf 90' lang='lat'>,</span> <span class='ocrx_word' id='word_1_189' title='bbox 1379 1607 1534 1663; x_wconf 79' lang='lat' dir='ltr'>ubique</span> <span class='ocrx_word' id='word_1_190' title='bbox 1555 1615 1642 1648; x_wconf 77' lang='lat' dir='ltr'>ter-</span> 
     </span>
     <span class='ocr_line' id='line_1_23' title="bbox 265 1670 1644 1727; baseline -0.001 -15"><span class='ocrx_word' id='word_1_191' title='bbox 265 1670 422 1718; x_wconf 80' lang='lat' dir='ltr'>ribitis,</span> <span class='ocrx_word' id='word_1_192' title='bbox 451 1671 605 1726; x_wconf 80' lang='lat' dir='ltr'>ubique</span> <span class='ocrx_word' id='word_1_193' title='bbox 629 1687 793 1713; x_wconf 81' lang='lat' dir='ltr'>summe</span> <span class='ocrx_word' id='word_1_194' title='bbox 815 1671 997 1713; x_wconf 77' lang='lat' dir='ltr'>timenda</span> <span class='ocrx_word' id='word_1_195' title='bbox 1013 1704 1022 1718; x_wconf 91' lang='lat'><strong>,</strong></span> <span class='ocrx_word' id='word_1_196' title='bbox 1051 1672 1207 1727; x_wconf 85' lang='lat' dir='ltr'>ubique</span> <span class='ocrx_word' id='word_1_197' title='bbox 1227 1674 1485 1727; x_wconf 80' lang='lat' dir='ltr'>expectanda</span> <span class='ocrx_word' id='word_1_198' title='bbox 1506 1703 1516 1718; x_wconf 92' lang='lat'>‚</span> <span class='ocrx_word' id='word_1_199' title='bbox 1542 1685 1644 1727; x_wconf 87' lang='lat' dir='ltr'>quo-</span> 
     </span>
     <span class='ocr_line' id='line_1_24' title="bbox 268 1736 1641 1793; baseline 0 -16"><span class='ocrx_word' id='word_1_200' title='bbox 268 1737 377 1777; x_wconf 83' lang='lat' dir='ltr'>niam</span> <span class='ocrx_word' id='word_1_201' title='bbox 403 1751 485 1777; x_wconf 89' lang='lat' dir='ltr'>non</span> <span class='ocrx_word' id='word_1_202' title='bbox 513 1737 712 1778; x_wconf 78' lang='lat' dir='ltr'>tardabis.</span> <span class='ocrx_word' id='word_1_203' title='bbox 742 1737 843 1778; x_wconf 78' lang='lat' dir='ltr'>Nam</span> <span class='ocrx_word' id='word_1_204' title='bbox 862 1769 871 1784; x_wconf 87' lang='lat'><em>,</em></span> <span class='ocrx_word' id='word_1_205' title='bbox 898 1753 922 1778; x_wconf 91' lang='lat' dir='ltr'>o</span> <span class='ocrx_word' id='word_1_206' title='bbox 940 1752 1053 1778; x_wconf 84' lang='lat' dir='ltr'>mors</span> <span class='ocrx_word' id='word_1_207' title='bbox 1073 1770 1082 1784; x_wconf 89' lang='lat'><em>‚</em></span> <span class='ocrx_word' id='word_1_208' title='bbox 1106 1737 1311 1792; x_wconf 84' lang='lat' dir='ltr'>quosdam</span> <span class='ocrx_word' id='word_1_209' title='bbox 1334 1736 1444 1793; x_wconf 82' lang='lat' dir='ltr'>rapis</span> <span class='ocrx_word' id='word_1_210' title='bbox 1468 1736 1507 1777; x_wconf 88' lang='lat' dir='ltr'>in</span> <span class='ocrx_word' id='word_1_211' title='bbox 1532 1736 1641 1777; x_wconf 81' lang='lat' dir='ltr'>anti-</span> 
     </span>
     <span class='ocr_line' id='line_1_25' title="bbox 270 1801 1645 1858; baseline -0.001 -15"><span class='ocrx_word' id='word_1_212' title='bbox 270 1803 428 1858; x_wconf 81' lang='lat' dir='ltr'>quitate</span> <span class='ocrx_word' id='word_1_213' title='bbox 450 1810 487 1842; x_wconf 87' lang='lat' dir='ltr'>et</span> <span class='ocrx_word' id='word_1_214' title='bbox 508 1802 649 1849; x_wconf 75' lang='lat' dir='ltr'>senio,</span> <span class='ocrx_word' id='word_1_215' title='bbox 675 1802 828 1858; x_wconf 84' lang='lat' dir='ltr'>quibus</span> <span class='ocrx_word' id='word_1_216' title='bbox 856 1802 959 1844; x_wconf 80' lang='lat' dir='ltr'>dicis</span> <span class='ocrx_word' id='word_1_217' title='bbox 982 1818 991 1843; x_wconf 91' lang='lat'>:</span> <span class='ocrx_word' id='word_1_218' title='bbox 1020 1802 1110 1844; x_wconf 86' lang='lat' dir='ltr'>Non</span> <span class='ocrx_word' id='word_1_219' title='bbox 1137 1802 1299 1843; x_wconf 84' lang='lat' dir='ltr'>veniam</span> <span class='ocrx_word' id='word_1_220' title='bbox 1324 1810 1513 1857; x_wconf 83' lang='lat' dir='ltr'>tempore</span> <span class='ocrx_word' id='word_1_221' title='bbox 1537 1801 1645 1858; x_wconf 82' lang='lat' dir='ltr'>hye-</span> 
     </span>
     <span class='ocr_line' id='line_1_26' title="bbox 270 1867 1641 1924; baseline 0 -16"><span class='ocrx_word' id='word_1_222' title='bbox 270 1867 367 1914; x_wconf 83' lang='lat' dir='ltr'>mis,</span> <span class='ocrx_word' id='word_1_223' title='bbox 404 1867 499 1922; x_wconf 82' lang='lat' dir='ltr'>quia</span> <span class='ocrx_word' id='word_1_224' title='bbox 535 1875 700 1924; x_wconf 86' lang='lat' dir='ltr'>tempus</span> <span class='ocrx_word' id='word_1_225' title='bbox 729 1868 917 1908; x_wconf 80' lang='lat' dir='ltr'>sanitatis</span> <span class='ocrx_word' id='word_1_226' title='bbox 950 1876 1042 1915; x_wconf 82' lang='lat' dir='ltr'>est3</span> <span class='ocrx_word' id='word_1_227' title='bbox 1082 1867 1281 1908; x_wconf 74' lang='lat' dir='ltr'>humores</span> <span class='ocrx_word' id='word_1_228' title='bbox 1304 1867 1486 1922; x_wconf 63' lang='lat' dir='ltr'>aequales</span> <span class='ocrx_word' id='word_1_229' title='bbox 1511 1875 1641 1913; x_wconf 82' lang='lat' dir='ltr'>sunt3</span> 
     </span>
     <span class='ocr_line' id='line_1_27' title="bbox 269 1929 1645 1988; baseline -0.001 -14"><span class='ocrx_word' id='word_1_230' title='bbox 269 1933 439 1974; x_wconf 82' lang='lat' dir='ltr'>cholera</span> <span class='ocrx_word' id='word_1_231' title='bbox 462 1932 589 1973; x_wconf 85' lang='lat' dir='ltr'>modo</span> <span class='ocrx_word' id='word_1_232' title='bbox 613 1948 695 1973; x_wconf 85' lang='lat' dir='ltr'>non</span> <span class='ocrx_word' id='word_1_233' title='bbox 720 1932 897 1980; x_wconf 83' lang='lat' dir='ltr'>crescit3</span> <span class='ocrx_word' id='word_1_234' title='bbox 921 1947 1070 1973; x_wconf 84' lang='lat' dir='ltr'>secure</span> <span class='ocrx_word' id='word_1_235' title='bbox 1092 1931 1217 1988; x_wconf 74' lang='lat' dir='ltr'>igitur</span> <span class='ocrx_word' id='word_1_236' title='bbox 1243 1929 1368 1972; x_wconf 79' lang='lat' dir='ltr'>vivas.</span> <span class='ocrx_word' id='word_1_237' title='bbox 1398 1930 1508 1972; x_wconf 82' lang='lat' dir='ltr'>Ecce</span> <span class='ocrx_word' id='word_1_238' title='bbox 1535 1945 1645 1988; x_wconf 88' lang='lat' dir='ltr'>quo-</span> 
     </span>
     <span class='ocr_line' id='line_1_28' title="bbox 272 1995 1647 2054; baseline -0.001 -16"><span class='ocrx_word' id='word_1_239' title='bbox 272 1999 398 2039; x_wconf 83' lang='lat' dir='ltr'>modo</span> <span class='ocrx_word' id='word_1_240' title='bbox 413 1998 452 2038; x_wconf 90' lang='lat' dir='ltr'>in</span> <span class='ocrx_word' id='word_1_241' title='bbox 468 1997 715 2053; x_wconf 82' lang='lat' dir='ltr'>antiquitate</span> <span class='ocrx_word' id='word_1_242' title='bbox 738 2013 857 2039; x_wconf 84' lang='lat' dir='ltr'>senes</span> <span class='ocrx_word' id='word_1_243' title='bbox 876 1998 998 2054; x_wconf 83' lang='lat' dir='ltr'>rapis.</span> <span class='ocrx_word' id='word_1_244' title='bbox 1019 1996 1234 2048; x_wconf 87' lang='lat' dir='ltr'>Quosdam</span> <span class='ocrx_word' id='word_1_245' title='bbox 1249 1995 1358 2053; x_wconf 81' lang='lat' dir='ltr'>rapis</span> <span class='ocrx_word' id='word_1_246' title='bbox 1373 1995 1412 2037; x_wconf 90' lang='lat' dir='ltr'>in</span> <span class='ocrx_word' id='word_1_247' title='bbox 1428 1997 1647 2038; x_wconf 80' lang='lat' dir='ltr'>atrocitate</span> 
     </span>
     <span class='ocr_line' id='line_1_29' title="bbox 271 2062 1647 2119; baseline -0.001 -15"><span class='ocrx_word' id='word_1_248' title='bbox 271 2071 310 2104; x_wconf 87' lang='lat' dir='ltr'>et</span> <span class='ocrx_word' id='word_1_249' title='bbox 331 2063 467 2119; x_wconf 82' lang='lat' dir='ltr'>gladio</span> <span class='ocrx_word' id='word_1_250' title='bbox 490 2094 499 2111; x_wconf 91' lang='lat'>‚</span> <span class='ocrx_word' id='word_1_251' title='bbox 526 2063 678 2118; x_wconf 80' lang='lat' dir='ltr'>quibus</span> <span class='ocrx_word' id='word_1_252' title='bbox 707 2063 810 2105; x_wconf 86' lang='lat' dir='ltr'>dicis</span> <span class='ocrx_word' id='word_1_253' title='bbox 843 2078 851 2104; x_wconf 93' lang='lat'><strong>:</strong></span> <span class='ocrx_word' id='word_1_254' title='bbox 883 2063 1092 2118; x_wconf 80' lang='lat' dir='ltr'>Tempore</span> <span class='ocrx_word' id='word_1_255' title='bbox 1117 2062 1222 2103; x_wconf 84' lang='lat' dir='ltr'>veris</span> <span class='ocrx_word' id='word_1_256' title='bbox 1256 2069 1422 2118; x_wconf 72' lang='lat' dir='ltr'>tenipus</span> <span class='ocrx_word' id='word_1_257' title='bbox 1453 2062 1647 2103; x_wconf 86' lang='lat' dir='ltr'>novitatis</span> 
     </span>
     <span class='ocr_line' id='line_1_30' title="bbox 273 2127 1650 2187; baseline 0 -17"><span class='ocrx_word' id='word_1_258' title='bbox 273 2139 360 2177; x_wconf 78' lang='lat' dir='ltr'>est3</span> <span class='ocrx_word' id='word_1_259' title='bbox 387 2137 539 2170; x_wconf 85' lang='lat' dir='ltr'>cuncta</span> <span class='ocrx_word' id='word_1_260' title='bbox 559 2138 832 2176; x_wconf 60' lang='lat' dir='ltr'>renovantur,</span> <span class='ocrx_word' id='word_1_261' title='bbox 857 2129 1057 2187; x_wconf 75' lang='lat' dir='ltr'>egredere</span> <span class='ocrx_word' id='word_1_262' title='bbox 1075 2127 1207 2176; x_wconf 68' lang='lat' dir='ltr'>soraS,</span> <span class='ocrx_word' id='word_1_263' title='bbox 1231 2129 1335 2168; x_wconf 86' lang='lat' dir='ltr'>vado</span> <span class='ocrx_word' id='word_1_264' title='bbox 1358 2136 1568 2169; x_wconf 85' lang='lat' dir='ltr'>venatum.</span> <span class='ocrx_word' id='word_1_265' title='bbox 1597 2128 1650 2170; x_wconf 84' lang='lat' dir='ltr'>Et</span> 
     </span>
     <span class='ocr_line' id='line_1_31' title="bbox 273 2193 1648 2252; baseline -0.001 -16"><span class='ocrx_word' id='word_1_266' title='bbox 273 2209 457 2252; x_wconf 76' lang='lat' dir='ltr'>egresso,</span> <span class='ocrx_word' id='word_1_267' title='bbox 473 2209 574 2236; x_wconf 83' lang='lat' dir='ltr'>ecce</span> <span class='ocrx_word' id='word_1_268' title='bbox 594 2195 753 2237; x_wconf 81' lang='lat' dir='ltr'>inimici</span> <span class='ocrx_word' id='word_1_269' title='bbox 777 2195 861 2252; x_wconf 83' lang='lat' dir='ltr'>jam</span> <span class='ocrx_word' id='word_1_270' title='bbox 879 2195 1052 2237; x_wconf 76' lang='lat' dir='ltr'>veniunt</span> <span class='ocrx_word' id='word_1_271' title='bbox 1067 2195 1128 2235; x_wconf 77' lang='lat' dir='ltr'>vel</span> <span class='ocrx_word' id='word_1_272' title='bbox 1150 2193 1319 2242; x_wconf 75' lang='lat' dir='ltr'>serae‚ut</span> <span class='ocrx_word' id='word_1_273' title='bbox 1335 2194 1526 2234; x_wconf 78' lang='lat' dir='ltr'>venando</span> <span class='ocrx_word' id='word_1_274' title='bbox 1550 2208 1648 2234; x_wconf 85' lang='lat' dir='ltr'>eum</span> 
     </span>
     <span class='ocr_line' id='line_1_32' title="bbox 276 2259 1649 2320; baseline -0.001 -18"><span class='ocrx_word' id='word_1_275' title='bbox 276 2262 489 2302; x_wconf 83' lang='lat' dir='ltr'>devorent.</span> <span class='ocrx_word' id='word_1_276' title='bbox 524 2261 739 2312; x_wconf 81' lang='lat' dir='ltr'>Quosdam</span> <span class='ocrx_word' id='word_1_277' title='bbox 762 2261 872 2320; x_wconf 85' lang='lat' dir='ltr'>rapis</span> <span class='ocrx_word' id='word_1_278' title='bbox 901 2262 941 2303; x_wconf 90' lang='lat' dir='ltr'>in</span> <span class='ocrx_word' id='word_1_279' title='bbox 975 2259 1219 2302; x_wconf 83' lang='lat' dir='ltr'>infirmitate</span> <span class='ocrx_word' id='word_1_280' title='bbox 1238 2260 1303 2301; x_wconf 90' lang='lat' dir='ltr'>vel</span> <span class='ocrx_word' id='word_1_281' title='bbox 1333 2260 1470 2307; x_wconf 83' lang='lat' dir='ltr'>lecto,</span> <span class='ocrx_word' id='word_1_282' title='bbox 1496 2259 1649 2315; x_wconf 86' lang='lat' dir='ltr'>quibus</span> 
     </span>
    </p>
   </div>
   <div class='ocr_carea' id='block_1_3' title="bbox 329 2381 701 2424">
    <p class='ocr_par' dir='ltr' id='par_1_4' title="bbox 329 2381 701 2424">
     <span class='ocr_line' id='line_1_33' title="bbox 329 2381 701 2424; baseline 0.008 -12"><span class='ocrx_word' id='word_1_283' title='bbox 329 2383 336 2403; x_wconf 83' lang='lat'><strong>¹</strong></span> <span class='ocrx_word' id='word_1_284' title='bbox 359 2381 441 2415; x_wconf 77' lang='lat' dir='ltr'>Psal.</span> <span class='ocrx_word' id='word_1_285' title='bbox 462 2393 623 2424; x_wconf 72' lang='lat' dir='ltr'>mxxviii,</span> <span class='ocrx_word' id='word_1_286' title='bbox 647 2390 701 2423; x_wconf 52' lang='grc' dir='ltr'>ἧς).</span> 
     </span>
    </p>
   </div>
   <div class='ocr_carea' id='block_1_4' title="bbox 328 2465 1651 2515">
    <p class='ocr_par' dir='ltr' id='par_1_5' title="bbox 328 2465 1651 2515">
     <span class='ocr_line' id='line_1_34' title="bbox 328 2465 1651 2515; baseline 0 -16"><span class='ocrx_word' id='word_1_287' title='bbox 328 2465 381 2513; x_wconf 83' lang='lat'>(1)</span> <span class='ocrx_word' id='word_1_288' title='bbox 396 2469 447 2500; x_wconf 86' lang='lat' dir='ltr'>Sic</span> <span class='ocrx_word' id='word_1_289' title='bbox 464 2470 522 2501; x_wconf 80' lang='lat' dir='ltr'>cod</span> <span class='ocrx_word' id='word_1_290' title='bbox 550 2482 558 2509; x_wconf 84' lang='lat'>3</span> <span class='ocrx_word' id='word_1_291' title='bbox 577 2471 657 2503; x_wconf 82' lang='lat' dir='ltr'>sorte</span> <span class='ocrx_word' id='word_1_292' title='bbox 676 2472 842 2515; x_wconf 71' lang='lat' dir='ltr'>tegendum</span> <span class='ocrx_word' id='word_1_293' title='bbox 871 2473 1027 2504; x_wconf 83' lang='lat' dir='ltr'>Nemrod.</span> <span class='ocrx_word' id='word_1_294' title='bbox 1054 2472 1178 2504; x_wconf 84' lang='lat' dir='ltr'>Nomen</span> <span class='ocrx_word' id='word_1_295' title='bbox 1203 2469 1266 2501; x_wconf 86' lang='lat' dir='ltr'>hoe</span> <span class='ocrx_word' id='word_1_296' title='bbox 1290 2473 1322 2500; x_wconf 79' lang='lat' dir='ltr'>et</span> <span class='ocrx_word' id='word_1_297' title='bbox 1341 2468 1542 2511; x_wconf 84' lang='lat' dir='ltr'>sequentinm</span> <span class='ocrx_word' id='word_1_298' title='bbox 1561 2467 1651 2510; x_wconf 81' lang='lat' dir='ltr'>plura</span> 
     </span>
    </p>
   </div>
   <div class='ocr_carea' id='block_1_5' title="bbox 274 2523 1651 2610">
    <p class='ocr_par' dir='ltr' id='par_1_6' title="bbox 274 2523 1651 2610">
     <span class='ocr_line' id='line_1_35' title="bbox 277 2523 1651 2571; baseline 0.001 -18"><span class='ocrx_word' id='word_1_299' title='bbox 277 2524 427 2556; x_wconf 71' lang='lat' dir='ltr'>mendosa</span> <span class='ocrx_word' id='word_1_300' title='bbox 451 2537 582 2568; x_wconf 64' lang='lat' dir='ltr'>prorsus</span> <span class='ocrx_word' id='word_1_301' title='bbox 601 2527 770 2563; x_wconf 52' lang='lat' dir='ltr'>videntur:</span> <span class='ocrx_word' id='word_1_302' title='bbox 791 2540 862 2571; x_wconf 74' lang='lat' dir='ltr'>quae</span> <span class='ocrx_word' id='word_1_303' title='bbox 880 2529 1024 2560; x_wconf 77' lang='lat' dir='ltr'>restituat</span> <span class='ocrx_word' id='word_1_304' title='bbox 1042 2528 1096 2570; x_wconf 88' lang='lat' dir='ltr'>qui</span> <span class='ocrx_word' id='word_1_305' title='bbox 1120 2525 1265 2557; x_wconf 71' lang='lat' dir='ltr'>voluerit.</span> <span class='ocrx_word' id='word_1_306' title='bbox 1281 2543 1321 2548; x_wconf 96' lang='lat'><em>-</em></span> <span class='ocrx_word' id='word_1_307' title='bbox 1341 2524 1390 2567; x_wconf 63' lang='grc' dir='ltr'>(α)</span> <span class='ocrx_word' id='word_1_308' title='bbox 1409 2525 1502 2555; x_wconf 73' lang='lat' dir='ltr'>Deest</span> <span class='ocrx_word' id='word_1_309' title='bbox 1525 2534 1606 2553; x_wconf 76' lang='lat' dir='ltr'>mors</span> <span class='ocrx_word' id='word_1_310' title='bbox 1619 2523 1651 2555; x_wconf 89' lang='lat' dir='ltr'>in</span> 
     </span>
     <span class='ocr_line' id='line_1_36' title="bbox 274 2578 343 2610; baseline 0.014 -1"><span class='ocrx_word' id='word_1_311' title='bbox 274 2578 343 2610; x_wconf 67' lang='lat' dir='ltr'>eod.</span> 
     </span>
    </p>
   </div>
  </div>
 </body>
</html>
