1885 3284
323 373 466 405 sERMo
502 373 588 413 LVI,
624 373 682 404 DE
719 370 989 404 ASCENSIONE
1025 368 1191 399 DOMINI
1226 369 1287 400 Vl.
1405 355 1496 417 293

129 438 320 484 crucifixi
340 437 598 481 Ascensione
623 446 853 481 tractamus
870 470 881 486 ,
905 435 1156 493 praeclarum
1190 433 1300 476 diem
1323 442 1365 476 et
1385 434 1500 475 omni

128 506 269 549 laetitia
292 511 585 546 coruscantem
602 536 612 551 ,
634 502 738 545 fines
763 503 940 546 civitatis
960 498 1112 557 egressi
1132 531 1142 547 ,
1161 514 1311 556 magna
1333 514 1507 556 congra-

130 571 336 613 tulatione
353 569 637 618 celebramus;
659 570 754 626 quia
778 569 860 612 hoc
890 581 977 611 non
1005 567 1057 607 ad
1077 565 1378 606 contumeliam
1402 565 1507 607 civi—

131 635 249 682 tatis,
275 635 348 676 sed
365 634 418 675 ad
439 633 645 675 honorem
665 639 830 692 spectat
850 634 1102 676 Sanctorum
1116 662 1127 678 ,
1153 644 1205 670 ne
1230 644 1304 670 nos
1316 629 1507 672 dissimu-

134 699 303 743 lationis
342 707 544 740 accusent
580 699 768 741 dicentes
789 714 831 740 :a
852 697 968 750 Quid
996 710 1074 754 pro
1097 693 1276 736 Domino
1305 694 1511 736 sentimus

135 764 330 807 universa
351 772 561 807 tormenta
577 765 811 807 laetantium
837 762 1088 807 vulneribus
1118 759 1271 802 nostris
1292 759 1374 815 (1)?
1400 759 1512 802 Vidi-

133 846 228 874 mus
251 845 341 872 ossa
387 844 513 871 carne
554 829 740 879 nudata3
774 830 986 888 patientiae
1021 834 1177 869 nostrae
1211 833 1346 866 tortor
1390 825 1516 867 cessit

135 896 293 944 iratus;
316 894 465 936 libenti
494 895 632 938 animo
668 910 746 953 pro
776 895 944 937 Christo
976 901 1120 936 noster
1157 889 1325 948 sanguis
1358 889 1515 932 effusus

135 969 220 1009 est3
246 959 385 1002 decisa
412 968 510 1002 sunt
531 961 667 1018 capita
695 975 775 1017 pro
798 961 889 1018 ejus
913 959 1060 1018 gloria.
1089 958 1189 1000 Haec
1201 956 1341 998 onmia
1360 956 1514 998 merui·

134 1041 229 1068 mus
260 1024 319 1082 (2)
345 1024 574 1073 sustinere,
612 1034 654 1067 et
690 1026 766 1067 ista
789 1025 850 1082 (5)
876 1025 941 1067 die
966 1039 1049 1066 non
1074 1036 1289 1064 meremur
1313 1020 1510 1078 agnosci;

132 1106 272 1149 neque
289 1091 589 1148 mysteriorum
604 1092 806 1133 arcanain
825 1091 979 1133 nostris
998 1087 1280 1131 tabernaculis
1299 1086 1517 1128 celebran-

132 1166 216 1200 tur.
246 1157 374 1200 »Ideo
389 1189 400 1205 ,
426 1156 686 1198 dilectissimi
716 1157 863 1198 fratres
883 1189 893 1210 ,
916 1155 1040 1198 hodie
1061 1153 1111 1196 ad
1127 1155 1217 1195 loca
1240 1151 1515 1194 convenimus

128 1224 377 1268 Beatorum‚
393 1223 445 1264 ad
460 1222 713 1264 Sanctorum
734 1222 1006 1264 tabernacula
1025 1219 1327 1266 festinavimus,
1350 1225 1396 1259 ut
1414 1232 1513 1258 con-

129 1297 281 1330 ventus
308 1295 451 1330 noster
473 1287 661 1344 ipsorum
685 1289 905 1345 praesentia
936 1287 1090 1330 clarior
1125 1285 1388 1327 redderetur.
1418 1283 1510 1326 Non

129 1354 241 1396 enim
263 1353 304 1394 in
328 1353 411 1395 hoc
434 1353 600 1395 theatro
623 1361 785 1395 tantum
814 1362 1025 1410 martyres
1052 1358 1260 1409 praesunt,
1282 1350 1355 1390 sed
1383 1346 1509 1389 etiam

128 1418 386 1476 Angelorum
413 1419 607 1461 instantia
628 1419 746 1460 locus
769 1420 1004 1461 decoratur.
1034 1417 1138 1460 Nam
1163 1425 1205 1457 et
1229 1414 1376 1471 Angeli
1398 1428 1508 1471 prae·

129 1492 227 1526 sunt
251 1500 261 1532 ;
287 1491 330 1525 ot,
360 1483 393 1525 si
425 1483 630 1541 Martyres
665 1485 806 1525 videre
843 1485 1076 1530 desideras,
1119 1481 1152 1523 si
1176 1480 1356 1537 Angelos
1386 1478 1505 1535 cupis

129 1549 336 1607 inspicere
355 1581 365 1598 ,
405 1548 517 1605 aperi
564 1550 711 1592 oculos
747 1548 872 1598 fidei,
907 1557 948 1591 et
972 1549 1075 1590 illud
1103 1546 1178 1590 tibi
1205 1546 1418 1588 theatrum
1441 1544 1504 1587 sa-

129 1615 210 1658 cile
253 1616 580 1656 demonstratur.
624 1614 728 1657 Nam
758 1629 856 1657 cum
893 1615 934 1657 in
969 1614 1084 1658 omni
1120 1617 1213 1655 ae're
1247 1611 1507 1669 Angelorum

127 1680 356 1724 multitudo
377 1688 583 1728 versetur,
604 1681 738 1723 multo
755 1681 937 1738 magisin
955 1679 1159 1727 Ecclesia,
1175 1679 1308 1719 multo
1327 1677 1504 1733 amplius

128 1746 334 1789 hodierno
358 1744 447 1793 die,
472 1746 641 1801 quando
665 1760 813 1786 eorum
829 1745 1036 1787 Dominus
1061 1742 1249 1786 ascendit
1266 1743 1307 1783 in
1330 1744 1496 1784 coelum.

129 1812 182 1854 Et
202 1819 247 1852 ut
269 1811 374 1852 scias
391 1842 400 1857 ,
424 1810 518 1867 quia
534 1810 679 1868 Angeli
695 1811 849 1867 ubique
871 1819 1107 1858 versantur,
1124 1809 1219 1850 audi
1239 1808 1339 1865 quid
1353 1808 1504 1850 Paulus

128 1876 326 1921 soemineo
348 1875 497 1934 pudori
516 1877 791 1933 prospiciens,
808 1877 888 1918 ait:
906 1895 920 1914 α
933 1876 1128 1919 Mulieres
1138 1875 1325 1917 velamen
1346 1874 1505 1916 habent

128 1961 145 1983 ι)
159 1957 284 2000 super
295 1950 604 1999 caputpropter
615 1942 854 1999 Angelos¹.»
867 1942 919 1984 Et
936 1943 1087 1984 iterum
1103 1941 1255 1982 Jacob:
1273 1940 1498 1997 «Angelus,

127 2026 144 2049 n
160 2008 241 2057 ait,
260 2007 332 2064 qui
353 2007 546 2049 liberavit
570 2022 637 2049 me
660 2022 681 2049 a
702 2007 918 2063 juventute
940 2007 1069 2050 mea².
1094 2025 1110 2046 r>
1153 2007 1205 2048 Et
1226 2004 1283 2047 illi
1307 2005 1377 2061 qui
1401 2021 1500 2048 cum

127 2073 338 2130 Apostolis
359 2081 511 2121 erant,
537 2072 654 2114 aiunt
675 2074 727 2114 ad
746 2072 923 2115 Rhodon
947 2089 980 2115 t«
999 2072 1182 2129 Angelus
1206 2070 1334 2128 ipsius
1355 2079 1417 2112 est
1434 2069 1488 2113 ⁵.»

127 2138 181 2180 Et
199 2137 334 2180 Jacob
362 2137 526 2185 :·Vi‹li,
553 2137 715 2195 inquit,
738 2139 997 2196 Angelorum
1017 2137 1216 2180 cas-tram
1234 2134 1498 2179 Videbantur

130 2203 171 2245 in
191 2212 325 2252 tert-33
356 2218 452 2245 nam
482 2202 590 2245 sicut
622 2204 889 2261 Imperatoris
915 2203 1060 2262 optimi
1099 2199 1336 2260 provisione
1373 2201 1498 2244 urbes

130 2282 297 2322 omneS‚
329 2268 497 2310 castella
531 2268 692 2325 singula
721 2284 848 2310 manu
885 2269 1054 2310 militari
1082 2269 1277 2310 adversus
1301 2265 1497 2309 hostilem

130 2332 270 2375 subito
293 2334 519 2375 adventum
538 2366 548 2382 ,
582 2341 624 2375 et
646 2334 784 2375 omnia
811 2335 903 2377 loca
929 2335 1151 2391 diligenter
1174 2340 1392 2374 armantur
1411 2365 1421 2380 ,
1446 2348 1500 2375 ne

131 2398 350 2441 barbarica
372 2397 565 2441 illusione
591 2398 810 2442 deleantur
829 2433 839 2449 ,
882 2400 937 2442 ita
983 2408 1026 2442 et
1056 2399 1194 2448 Deus,
1238 2399 1437 2456 quoniam
1460 2407 1501 2441 et

179 2512 190 2535 ¹
223 2525 236 2545 x
258 2516 337 2548 Cor.
363 2525 410 2557 xi,
446 2525 498 2548 ιο.
517 2530 562 2537 —-
579 2511 594 2534 ²
614 2514 695 2546 Gen.
716 2524 834 2552 xnvru,
867 2515 918 2546 16.
937 2532 983 2539 -
1010 2511 1024 2536 3
1052 2516 1125 2546 Act.
1149 2525 1211 2552 xvi,
1244 2514 1295 2546 15.
1321 2531 1368 2537 —-
1388 2511 1401 2536 ⁴
1421 2516 1503 2547 Gen.

132 2581 243 2607 xxxii,
265 2581 296 2602 2.

176 2652 226 2695 (1)
246 2651 328 2684 Cod.
343 2651 540 2683 vexantiam
557 2651 703 2682 manibus
722 2651 857 2691 nostri53
876 2651 919 2685 sic
933 2652 1100 2698 opinando
1115 2653 1369 2686 correximus.—
1385 2650 1438 2699 (2)
1456 2653 1505 2685 ld.

134 2708 351 2743 meminimus,
368 2725 414 2733 --
434 2707 483 2749 (3)
499 2707 546 2741 Id.
564 2709 642 2750 ejus.
