1885 3284
276 329 419 363 SERMO
454 329 554 373 mn,
593 331 646 362 DE
684 330 956 365 AscssNstoNE
991 331 1157 365 DOMINI
1193 333 1264 365 111.
1372 335 1464 384 279

96 397 324 443 nerabatur
347 415 356 439 ε
383 398 472 441 haec
488 407 550 441 est
568 400 654 441 dies
671 401 845 450 tremes,
867 400 953 443 dios
970 401 1108 458 gaudii
1126 401 1460 451 etexultationis,

98 466 138 508 in
161 480 240 523 qua
265 466 458 508 novimus
477 466 649 507 alteram
667 468 913 509 Samsonem
936 467 1207 509 fortissimum
1232 475 1371 525 portas
1390 467 1465 509 hu-

97 532 307 576 manitatis
331 535 382 576 ad
402 543 587 576 montem
609 536 835 591 portassc¹.
866 536 961 577 Haec
984 543 1044 576 est
1069 535 1155 576 dies
1171 567 1181 583 ,
1222 534 1262 575 in
1303 550 1384 592 qua
1406 534 1468 576 vi-

100 601 246 642 demus
270 613 345 656 per
367 597 493 641 fidem
521 609 686 642 sanctos
704 600 885 658 Angelos
907 600 981 642 Dei
1000 601 1104 643 Filio
1129 602 1372 644 obedientes
1392 635 1401 650 ‚
1426 608 1468 643 et

100 665 343 708 ascendenti
366 665 520 707 virtute
537 666 708 723 propria
730 668 778 708 ad
798 669 859 723 (ι)
882 667 1046 708 Patrem
1065 700 1074 715 ‚
1101 667 1294 709 dixerunt
1312 683 1319 709 :
1336 687 1348 704 a
1365 666 1470 718 Quis

101 740 194 774 »est
213 731 290 773 iste
315 739 426 774 utam
447 732 652 788 gloriosus
668 765 678 782 ‚
711 733 780 789 qui
807 733 959 775 auxilio
983 740 1128 774 nostro
1156 748 1239 775 non
1277 731 1471 790 indiget?

112 815 127 837 a
143 797 249 849 Quis
270 805 332 839 est
355 796 431 839 iste
453 811 524 837 rex
542 798 708 854 glorite²
724 799 742 839 Ξ)
758 817 773 837 »
807 798 890 850 Qui
917 796 1064 854 Angeli
1090 798 1271 856 Angelos
1295 813 1471 855 respon—

102 865 249 907 dentes
266 864 326 920 (2)
350 861 575 905 audierunt
591 878 600 905 :
615 883 629 903 n
647 864 751 906 Vere
772 879 843 905 rex
860 865 999 921 gloriae
1020 873 1097 912 est,
1119 879 1214 906 vere
1237 880 1308 907 rex
1328 864 1473 913 Israel,

102 944 198 971 vere
214 928 450 986 redemptio
472 937 612 971 nostra
628 938 715 979 est,
732 944 828 972 vere
849 930 924 972 Dei
946 929 1076 972 Filius
1093 939 1156 972 est
1169 963 1180 980 ‚
1200 945 1297 972 vere
1314 930 1474 988 primo-

102 995 266 1053 genitus
287 1003 328 1036 et
351 995 669 1053 ultimogenitus
699 996 837 1040 Mariae
864 1004 947 1044 est;
973 1011 1070 1038 vere
1092 996 1164 1038 ille
1187 1005 1228 1038 et
1262 1011 1346 1039 non
1371 997 1475 1039 alius

104 1068 167 1104 est
182 1093 192 1109 ‚
216 1060 286 1117 qui
306 1061 382 1102 sub
398 1061 546 1103 Pontio
568 1062 698 1105 Pilato
721 1077 864 1121 passus
881 1070 943 1104 est
963 1096 973 1112 ,
1001 1071 1043 1104 et
1076 1063 1196 1104 tertia
1221 1061 1287 1105 die
1322 1078 1344 1105 a
1365 1077 1478 1105 mor-

105 1126 188 1170 tuis
209 1126 457 1179 resurrexit3
480 1141 576 1169 vere
596 1128 665 1171 ille
695 1137 758 1171 est
793 1128 864 1185 qui
900 1127 1020 1170 «Rex
1056 1128 1174 1171 fortis
1201 1133 1243 1170 et
1273 1129 1478 1172 Dominus

107 1191 253 1235 »fortis
270 1191 311 1234 in
330 1191 496 1249 praelio⁵
519 1209 528 1240 3
548 1211 563 1233 n
585 1209 680 1236 vere
707 1195 842 1237 extitit
858 1194 976 1236 sortis
998 1202 1039 1236 et
1056 1202 1203 1251 potens
1233 1194 1273 1235 in
1308 1194 1451 1252 praelio
1466 1228 1477 1244 ‚

107 1259 202 1316 quia
236 1257 506 1301 «Ascenslens
525 1259 567 1302 in
586 1261 713 1303 altum
737 1260 945 1319 captivam
969 1258 1087 1301 duxit
1111 1259 1426 1317 captivitatem⁶
1452 1279 1468 1300 »

108 1326 150 1368 in
188 1325 315 1366 altum
340 1325 410 1379 (5).
441 1346 454 1362 t·

168 1390 209 1433 V.
248 1390 458 1433 Liberatio
500 1393 681 1450 denique
724 1393 882 1435 militiae
907 1425 916 1441 ,
956 1391 1129 1434 victoria
1175 1392 1311 1434 extitit
1352 1391 1476 1448 regis.

105 1456 187 1498 Sed
224 1455 324 1512 quid
362 1458 470 1498 valet
493 1459 613 1500 nobis
641 1459 834 1500 liberatio
858 1457 1098 1511 sociorum,
1137 1457 1216 1498 nisi
1246 1456 1481 1499 efficiamur

105 1520 207 1564 socii
231 1535 377 1563 eorum
393 1523 409 1563 i’
441 1522 700 1565 Laboremns
731 1539 851 1581 ergo,
885 1523 1034 1564 fratres
1054 1555 1064 1571 ,
1092 1531 1160 1570 ut,
1197 1523 1306 1564 sicut
1338 1538 1481 1565 sumus

105 1587 253 1629 eodem
280 1588 482 1643 sanguine
508 1589 739 1646 redempti,
778 1590 832 1630 ita
869 1589 1019 1630 eodem
1050 1588 1223 1644 praemio
1257 1587 1481 1630 Ascensio-

107 1653 170 1694 nis
200 1652 329 1695 simus
361 1669 439 1711 per
476 1655 652 1712 gratiam
688 1654 960 1697 remunerati.
994 1652 1238 1711 Cogitemus
1268 1654 1448 1711 denique
1472 1688 1481 1704 ,

109 1727 274 1761 sanctos
304 1719 470 1768 Patres,
511 1721 581 1777 qui
612 1736 708 1763 cum
734 1723 795 1778 (4)
818 1720 988 1762 Christo
1016 1719 1145 1762 hodie
1173 1721 1478 1769 ascenderunt,

110 1784 210 1841 quid
232 1783 340 1841 passi
363 1793 489 1834 sunt,
533 1786 633 1842 quid
669 1786 879 1844 perpessi,
922 1785 1024 1842 quid
1056 1785 1257 1828 dilaniati.
1297 1787 1485 1843 Aspicite

110 1850 322 1892 Abraham
347 1849 431 1892 fide
453 1852 566 1893 omni
584 1861 797 1900 ornatum,
816 1851 1019 1893 charitate
1037 1852 1259 1900 vallatum,
1286 1851 1484 1909 patientia

114 1916 325 1964 dicat11m3
363 1925 405 1958 et
432 1925 572 1959 tamen
595 1917 793 1974 injuriam
816 1918 973 1975 patitur
989 1917 1296 1974 persecutoris,
1317 1927 1360 1959 et
1379 1919 1487 1960 cala-

114 1981 280 2024 mitates
303 1983 509 2038 patienter
528 1992 680 2040 portat.
698 1982 887 2041 Aspicite
903 1991 1096 2025 sanctum
1115 1982 1273 2040 Joseph
1296 1983 1488 2026 castitate

115 2055 310 2089 ornatum
332 2064 343 2095 3
363 2047 498 2090 Deum
522 2049 661 2097 timet,
689 2058 730 2091 et
752 2058 894 2107 tamen
918 2048 1028 2090 fame
1052 2047 1139 2090 sere
1162 2048 1202 2089 in
1222 2064 1490 2091 carcer-emo-

116 2112 237 2160 ritur,
264 2127 284 2154 a
302 2112 499 2155 fratribus
522 2115 768 2158 verberatur
788 2123 830 2157 et
856 2113 1067 2156 venditur.
1096 2113 1283 2171 Aspicite
1314 2115 1491 2157 Tobiam

116 2178 231 2220 omni
272 2179 593 2221 mansuetudine
626 2190 668 2223 et
709 2179 995 2223 misericordia
1040 2180 1236 2236 plenum3
1282 2180 1492 2223 consortia

118 2244 339 2286 hominum
363 2244 488 2303 sugit,
514 2245 728 2289 famelicos
747 2247 894 2305 pascit,
910 2246 1168 2302 sepulturam
1194 2254 1310 2302 parat
1328 2261 1404 2302 pro
1422 2248 1494 2288 de-

119 2309 299 2358 functis,
324 2319 365 2353 et
386 2326 487 2353 ecce
509 2327 647 2354 caecus
683 2312 878 2362 efficitur,
910 2311 961 2354 ab
985 2327 1114 2353 uxore
1143 2311 1459 2368 blasphematur
1478 2346 1489 2362 ‚

121 2374 385 2420 infirmitates
409 2378 614 2434 patituret
628 2380 735 2421 mala
749 2379 947 2436 undique.
968 2377 1155 2435 Aspicite
1172 2377 1319 2419 Isaiant
1339 2379 1496 2435 pietate

123 2443 392 2496 decumum,-
415 2452 456 2486 et
479 2451 618 2486 tamen
636 2445 844 2487 occiditur
861 2452 998 2486 morte
1021 2441 1197 2485 crudeli.
1237 2443 1347 2485 Ecce
1366 2459 1494 2486 sanc-

172 2543 306 2578 ¹Judic.
320 2555 386 2582 xvx,
408 2557 434 2585 1,
453 2552 484 2578 et
496 2557 585 2589 seqq.
603 2564 650 2570 —
662 2545 676 2568 ²
693 2548 775 2580 Psal.
790 2559 887 2589 xxm,
905 2549 937 2582 8,
953 2565 998 2571 --
1014 2544 1029 2570 3
1047 2546 1132 2580 Ibid.
1152 2564 1196 2570 —
1210 2544 1224 2569 ⁴
1241 2546 1359 2590 Ephes.
1383 2559 1428 2587 tv,
1449 2549 1480 2581 8.

174 2623 223 2670 (ι)
241 2626 320 2660 God.
340 2636 382 2662 et.
405 2627 511 2672 —(2)
525 2630 623 2660 Deest
639 2630 872 2671 respondentes
885 2629 917 2662 in
931 2629 1002 2662 cod.
1014 2647 1061 2653 —
1079 2627 1130 2674 (3)
1143 2632 1218 2662 Haec
1236 2628 1332 2663 verba
1346 2629 1380 2662 ιἰι
1398 2631 1501 2664 altum

128 2693 236 2715 errore
251 2685 485 2729 transcriptoris
500 2685 629 2718 inducta
644 2685 805 2721 videntur.
819 2706 860 2712 -
877 2689 923 2728 (4)
941 2688 1038 2719 Deest
1050 2697 1121 2718 cum
1140 2685 1174 2718 in
1189 2685 1259 2720 cod.
