1885 3284
348 271 492 303 SERMO
528 271 639 311 XLII,
680 270 735 302 DE
773 269 988 301 PASSIONE
1024 267 1189 298 DOMINI
1225 267 1283 297 Vl.
1416 265 1506 312 219

135 341 276 389 batur,
304 341 396 388 sed,
418 347 463 380 ut
486 345 603 394 puto,
630 338 752 378 etiam
772 354 846 394 per
869 338 965 378 alias
984 336 1340 391 lerosolymorum
1366 332 1504 387 regio-

136 422 232 454 nes,
257 405 435 448 maxime
459 406 557 446 dum
584 403 798 444 Christum
822 402 1125 458 Jrrosolymam
1151 409 1319 457 captum
1338 407 1379 439 et
1400 398 1504 454 liga-

138 481 224 513 tum
240 472 290 512 de
308 470 432 512 horto
449 470 658 511 duxerunt
674 486 683 516 3
702 484 880 524 quorum
901 469 1105 509 clamores
1127 466 1342 506 audientes
1355 471 1507 503 sanctae

135 537 332 578 mulieres
349 569 358 586 ,
377 550 469 591 quae
487 549 724 593 pergyrum
748 535 1023 591 Jerosolymae
1047 532 1222 575 civitatis
1243 530 1504 574 habitabant,

134 602 296 645 nobiles
319 610 531 643 matronas
555 602 606 642 ad
630 601 847 643 sciendum
873 600 1075 656 quidnam
1104 607 1236 646 esset,
1268 597 1509 638 dubitantes

134 684 187 710 ne
210 668 405 724 Magister
425 667 508 722 jam
526 675 672 723 captus
689 675 823 714 esset,
844 667 1148 722 Jerosolymam
1174 664 1418 705 festinantes
1437 660 1510 701 mi-

135 740 279 775 serunt
296 732 481 774 dicentes
510 747 552 771 :«
574 731 736 787 Adjuro
757 747 854 778 vos,
881 747 904 773 o
926 730 1019 773 filiae
1041 731 1272 772 Jerusalem
1291 761 1300 777 ,
1327 737 1372 769 ut
1395 742 1508 768 nun-

136 798 246 840 tietis
270 798 341 839 ubi
362 797 445 852 jam
478 797 530 838 sit
554 797 734 838 dilectus
757 830 766 847 ,
806 797 977 838 ubinam
1013 796 1170 842 cubet,
1206 794 1277 836 ubi
1302 793 1507 849 quiescat,

136 878 262 921 quem
290 862 322 903 si
344 863 581 902 nullatenus
616 862 805 903 invenire
828 861 1042 922 poteritis,
1069 860 1246 902 circuite
1275 860 1360 906 vias
1388 859 1510 899 Jeru-

138 928 289 974 salem,
327 936 367 968 et
392 926 634 968 invenietis'
679 928 851 968 domum
877 926 1050 974 Lazari,
1092 926 1231 967 Mariae
1267 933 1308 966 et
1342 922 1512 965 Marthae

135 1006 328 1041 sororum
351 991 469 1047 ejus3
507 991 750 1049 ibidemque
778 991 916 1034 adhue
941 991 1120 1048 quiescit
1140 999 1274 1032 mater
1296 988 1436 1047 sponsi
1469 993 1512 1028 et

136 1055 279 1098 dilecti
307 1056 437 1097 nostri
465 1055 718 1104 Salvatoris3
751 1071 869 1097 more
899 1056 1086 1113 angelico
1112 1055 1148 1096 ei
1176 1054 1303 1096 dicite
1329 1069 1338 1094 :
1369 1053 1463 1099 Dic,
1486 1066 1510 1092 o

135 1121 420 1178 pulcherrima
439 1121 685 1169 mulierum,
706 1137 789 1177 quo
813 1121 914 1162 abiit
947 1118 1124 1162 dilectus
1144 1120 1270 1162 tuus?
1290 1120 1512 1173 »Cumque

136 1193 292 1228 sanctae
317 1186 403 1228 istae
432 1195 634 1227 matronae
663 1185 725 1246 (ι)
758 1186 1067 1243 Jerosolymam
1091 1186 1335 1236 intrassent,
1363 1183 1413 1225 ad
1443 1198 1511 1224 eas

136 1250 325 1292 cucurrit
351 1251 479 1292 Maria
508 1251 578 1292 illa
603 1266 721 1292 soror
753 1251 896 1293 Lazari
926 1251 1116 1292 crinibus
1151 1250 1362 1291 dissolutis
1384 1281 1394 1296 ‚
1421 1248 1513 1289 bra-

137 1315 324 1371 chiisque
345 1323 386 1356 et
409 1315 583 1357 vocibus
612 1316 807 1364 elevatis,
839 1316 983 1357 dicens
1009 1331 1051 1356 :«
1073 1316 1109 1357 O
1132 1330 1206 1356 vos
1238 1329 1384 1356 omnes
1407 1345 1416 1362 ‚
1441 1313 1512 1370 qui

140 1380 352 1421 »transitis
377 1395 451 1437 per
472 1380 621 1429 via1n2‚
643 1399 657 1419 n
692 1396 743 1422 an
769 1381 967 1438 ignoratis
989 1381 1086 1437 quia
1108 1380 1194 1437 jam
1219 1388 1412 1422 mortuus
1451 1383 1514 1419 est

137 1444 388 1487 Abimelech
404 1444 576 1486 maritus
599 1445 780 1488 Noe'miP
803 1447 854 1487 Et
876 1446 936 1487 sie
958 1445 1138 1487 dicendo
1161 1446 1215 1487 ad
1232 1445 1402 1487 Mariam
1428 1458 1513 1484 ma-

135 1518 244 1551 trem
282 1508 509 1552 Salvatoris
541 1520 852 1568 pervenerunt,
887 1511 1224 1567 inveneruntque
1261 1524 1353 1551 eam
1397 1508 1514 1564 juxta

134 1583 301 1634 portam
323 1576 468 1632 templi
491 1607 502 1624 ‚
528 1584 823 1632 expectantem
847 1577 878 1618 si
904 1576 987 1632 jam
1020 1575 1154 1618 filium
1189 1576 1329 1618 videre
1352 1582 1507 1631 posset.

137 1640 284 1682 Stabat
305 1655 404 1696 ergo
427 1641 554 1682 Maria
573 1642 837 1683 multitudini
867 1643 925 1699 (2)
952 1641 1202 1684 Judaeorum
1225 1641 1407 1688 sociata3
1434 1639 1510 1681 ali-

137 1706 206 1762 qui
228 1705 492 1750 deridentes,
515 1706 640 1762 aliqui
667 1708 743 1762 ipsi
772 1708 831 1762 (5)
862 1708 1178 1765 compatientes.

195 1771 249 1812 II.
285 1769 430 1812 Stabat
454 1785 552 1828 ergo
576 1771 702 1813 Maria
729 1772 911 1813 brachiis
934 1773 1129 1820 elevatis,
1165 1771 1352 1813 crinibus
1385 1771 1513 1812 disso-

135 1836 260 1887 lutis,
283 1844 454 1892 pectore
479 1833 676 1878 dilaniata
699 1871 708 1884 ,
736 1838 840 1879 facie
861 1837 945 1894 jam
983 1837 1122 1878 dolore
1159 1838 1368 1894 denigrata
1414 1837 1470 1892 (Δ)
1498 1870 1507 1883 ,

136 1900 328 1942 saucibus
360 1901 445 1957 jain
486 1901 719 1949 irraucata,
752 1903 935 1943 vestibus
966 1902 1189 1957 dilacerata
1210 1935 1220 1950 ,
1260 1917 1384 1957 qnam
1425 1902 1511 1942 Ma-

138 1975 243 2008 trem
263 1967 323 2008 sic
346 1974 498 2008 sanctae
519 1977 721 2009 matronae
744 1969 992 2026 aspicientes
1014 1967 1363 2022 lac-tymabantm·,
1378 1970 1513 2019 trg‘stes

138 2036 179 2072 in
199 2046 321 2082 voces
336 2042 674 2090 prorumpentes.
696 2033 858 2076 Omissa
877 2034 987 2076 enim
1004 2033 1252 2075 salutatione
1266 2066 1275 2081 ,
1293 2032 1508 2073 dixerunt:

148 2113 163 2133 α
187 2097 223 2138 O
241 2096 419 2151 jamnon
440 2098 724 2154 pulcherrima
747 2100 990 2148 mulierum,
1019 2100 1091 2140 sed
1113 2099 1259 2141 Noe'mi
1285 2099 1512 2155 appellata,

140 2162 240 2217 qnid
271 2163 439 2220 ploras?
466 2164 561 2213 Quo
587 2164 687 2206 abiit
709 2165 886 2206 dilectus
922 2173 1042 2212 tuus,
1083 2179 1165 2220 quo
1203 2162 1513 2220 abiitprz'tzceps·

140 2228 396 2284 Angelorum
423 2236 465 2268 et
485 2228 719 2280 Dominus?
740 2250 753 2267 η
791 2231 957 2282 Quibus
982 2230 1107 2271 Maria
1141 2229 1199 2270 ait
1224 2245 1232 2268 :
1258 2246 1272 2266 «
1291 2228 1326 2269 Ο
1350 2242 1511 2283 sponsae

140 2290 283 2343 dilecti
305 2291 405 2341 mei,
421 2307 516 2340 vere
538 2308 622 2335 non
641 2295 971 2351 pulcherrimam
991 2294 1221 2336 mulierum
1244 2292 1421 2350 amplius
1445 2307 1512 2334 me

191 2411 199 2432 ¹
216 2413 312 2447 Cant.
331 2423 376 2452 ιιι,
395 2424 425 2444 ⁴2.
442 2431 483 2437 —·
503 2412 648 2448 ²Thren.
670 2427 698 2454 1,
724 2429 773 2450 12.

190 2499 240 2544 (1)
257 2500 339 2533 Cod.
355 2510 527 2532 matrones.
542 2521 588 2527 -—
608 2502 657 2545 (2)
673 2503 720 2537 Id.
743 2504 960 2537 multitudine.
979 2523 1018 2529 —
1040 2502 1092 2552 (3)
1110 2504 1157 2536 ld.
1179 2503 1251 2539 sibi.
1269 2523 1310 2528 --
1340 2501 1390 2548 (l.)
1410 2507 1515 2536 Voces

143 2566 267 2592 omnes,
291 2566 362 2597 quae
382 2556 493 2588 italicis
515 2558 754 2599 distinguuntur
768 2584 775 2595 ,
802 2561 967 2603 opinando
989 2561 1195 2603 restituimus,
1217 2567 1330 2603 utpote
1345 2572 1416 2605 qnae
1435 2560 1507 2593 dium

144 2610 296 2643 lumitate
315 2612 466 2654 temporis
484 2613 599 2646 suerint
615 2622 820 2658 consumptae.
