1885 3284
308 332 449 364 senno
487 328 609 368 κων,
650 327 703 359 DE
743 323 954 358 ΡΑεειοΝΕ
992 322 1155 355 nomm
1197 322 1299 354 vul.
1408 304 1501 354 235

127 398 371 441 tellexerat?
411 395 619 452 numquid
657 395 806 435 doctus
838 402 934 435 ante
974 392 1130 441 suerat,
1163 391 1273 447 quod
1299 388 1366 430 hic
1388 396 1498 430 esset

126 463 252 506 Filius
275 461 377 505 Dei?
414 462 523 502 uude
555 459 743 500 eruditus
767 475 808 500 es
832 462 867 514 (ι
885 460 913 511 ξι,
938 456 1099 500 Latro?
1136 456 1228 512 quis
1253 463 1292 496 te
1316 454 1356 495 in
1384 454 1499 509 sylva

125 530 219 570 talia
256 527 432 570 docuit?
456 526 546 581 quis
574 534 615 566 te
637 526 696 566 sic
720 525 803 566 cito
840 522 1126 566 illuminavit?
1151 521 1254 572 Quis
1280 519 1353 562 tibi
1387 534 1432 560 os
1453 525 1497 560 et

125 610 197 637 cor
219 604 301 636 tam
330 594 435 634 bene
458 591 621 648 aperuit
643 590 764 646 pquis
789 599 827 631 le
845 589 988 631 docuit
1008 589 1101 630 [alia
1127 589 1176 628 de
1198 586 1363 627 Christo
1387 583 1463 626 sari
1479 585 1498 624 ⁶?

122 659 254 701 Judaei
275 656 599 707 crucifixerunt,
631 655 701 711 qui
726 656 835 712 leges
860 669 933 712 per
955 654 1183 709 Prophetas
1208 652 1492 708 perlegerunt,

121 733 161 765 et
185 725 394 765 tubarum
418 722 586 778 ignarus
607 721 739 761 Deum
760 735 882 761 vocas
907 737 915 766 ;
940 719 1265 760 condemnatum
1288 722 1328 757 et
1355 714 1495 756 cruci-

121 787 248 830 fixum
275 789 437 829 adoras.
460 785 564 837 Quis
589 794 629 827 te
651 785 847 831 erudivit.
863 783 1021 825 oLalro
1037 783 1054 824 Ξ)
1072 783 1164 831 Dic,
1187 782 1270 823 dic.
1290 780 1407 823 «Non
1426 794 1494 821 me

119 853 226 902 LeX,
260 854 333 895 sed
353 851 474 908 Legis
504 850 666 892 Doctor
687 859 728 891 et
751 850 918 891 Factor.
949 848 1039 890 Vidi
1065 847 1176 889 enim
1201 844 1392 888 crucifixi
1416 859 1493 901 po-

120 918 322 966 tentiam,
365 932 452 960 non
484 916 711 958 humanam
732 948 742 964 ,
784 917 857 957 sed
888 915 1026 972 potius
1063 914 1277 961 divinam,
1318 910 1414 967 quia
1453 911 1492 952 in

119 983 283 1026 cunctis
329 1001 341 1022 a
360 982 451 1025 Non
486 981 649 1038 aperuit
670 995 715 1023 os
740 982 906 1023 suum¹.
938 999 952 1019 ι»
981 980 1074 1021 Vidi
1113 988 1232 1022 terrae
1254 986 1416 1019 motum
1451 981 1493 1018 et

117 1048 227 1091 sensi
246 1080 257 1096 ,
282 1056 325 1090 et
344 1047 551 1090 elementa
576 1054 734 1088 mutata
758 1044 955 1087 intellexi.
986 1045 1115 1087 Petrae
1137 1043 1307 1099 quidem
1325 1041 1495 1083 scinde·

117 1114 287 1163 bantur,
316 1114 388 1156 sed
410 1113 656 1155 Judaeorum
670 1114 799 1154 corda
819 1127 902 1154 non
925 1111 1211 1154 mutabantur.
1222 1109 1349 1151 Terra
1368 1107 1494 1163 igitur

115 1189 229 1222 mota
247 1187 337 1230 est,
360 1180 423 1221 sol
445 1178 551 1236 fugit
569 1209 581 1226 ,
606 1186 736 1236 petrae
764 1177 900 1219 scissae
931 1185 1058 1224 sunt,
1096 1183 1366 1217 mortuorum
1390 1186 1491 1214 cor-

115 1260 218 1303 pora
240 1252 528 1302 apparuerunt
551 1243 610 1300 (2)
633 1258 758 1301 super
780 1251 935 1284 terram
956 1241 1150 1290 viventia,
1166 1239 1239 1282 sed
1260 1252 1385 1295 super
1402 1252 1489 1279 om-

115 1311 207 1361 nia,
233 1311 346 1368 quod
368 1325 436 1353 me
463 1318 656 1357 moveat,
681 1318 743 1351 est
777 1309 868 1365 ejus
898 1308 1096 1366 patientia
1115 1339 1125 1359 ,
1148 1306 1243 1363 quia
1276 1305 1356 1346 alta
1388 1318 1491 1346 voce

116 1377 299 1419 clamare
325 1391 412 1418 non
439 1375 601 1418 desistit
619 1391 627 1417 :
645 1393 659 1413 α
680 1374 818 1423 Pater,
845 1374 1013 1431 ignosce
1034 1371 1154 1415 illis2.
1178 1390 1192 1411 n
1224 1371 1318 1413 Hoc
1342 1370 1490 1424 video,

114 1441 204 1485 Hoc
229 1441 380 1490 audio;
406 1441 565 1498 etquid
590 1441 702 1483 aliud
726 1440 867 1482 dicere
884 1455 1053 1497 possum
1075 1470 1087 1489 ‚
1116 1436 1193 1480 nisi
1215 1451 1257 1479 :a
1278 1437 1490 1479 Memento

115 1506 229 1550 »mei
249 1539 259 1555 ‚
292 1507 494 1555 Domine,
534 1521 631 1548 cum
667 1506 830 1547 veneris
855 1505 895 1546 in
919 1518 1096 1562 regnum
1120 1501 1275 1545 tuum?
1298 1520 1313 1540 »
1357 1501 1410 1543 Et
1431 1501 1488 1542 ait

114 1572 308 1615 Salvator
321 1586 468 1614 serena
484 1571 589 1614 facie
613 1587 621 1613 :
640 1588 655 1609 (ι
674 1570 809 1612 Amen
832 1570 1013 1613 dicotibi
1033 1585 1042 1611 z
1063 1569 1199 1612 Hodie
1215 1581 1387 1610 mecum
1406 1565 1488 1609 eris

112 1657 127 1676 a
142 1637 183 1679 in
201 1636 392 1694 paradiso
410 1635 440 1678 ³.
466 1655 481 1675 »

172 1702 240 1745 vl.
278 1702 370 1746 Non
393 1716 492 1758 ergo
514 1701 663 1744 timere
701 1702 938 1750 debemus‚'
958 1701 1136 1749 fratres,
1177 1708 1223 1742 ut
1259 1699 1293 1742 si
1325 1714 1409 1741 non
1444 1698 1487 1742 in

113 1768 290 1810 sanitate
309 1800 319 1816 ‚
348 1768 493 1809 saltem
519 1766 560 1807 in
582 1766 729 1808 ultima
751 1765 996 1808 infirmitate
1024 1767 1075 1807 ad
1098 1766 1234 1807 Deum
1257 1764 1394 1806 redire
1408 1764 1487 1808 fes·

113 1833 297 1876 tinanter
323 1833 552 1875 debeamus
579 1831 653 1889 (5).
680 1832 793 1875 Ecce
818 1832 931 1874 enim
944 1832 1068 1874 Latro
1091 1832 1244 1873 clamat
1268 1831 1308 1872 in
1330 1838 1484 1880 morte,

111 1908 155 1942 et
173 1899 255 1942 vita
276 1898 355 1957 ipsi
381 1898 441 1954 (4)
467 1899 662 1940 donatur.
687 1899 838 1941 Amen.

163 2004 172 2024 ¹
195 2003 258 2036 lsai
292 2014 362 2043 mu,
380 2015 410 2044 7.
425 2001 499 2028 ——2
514 2006 589 2035 Luc.
610 2015 708 2043 xxxtt,
725 2005 780 2041 34.
792 2021 836 2029 —-
849 2001 865 2025 ³
877 2003 961 2036 Ibid.
984 2005 1040 2040 43.

159 2072 212 2121 (1)
233 2075 318 2109 Cod.
339 2084 396 2109 est,
416 2091 464 2101 -—
480 2074 530 2119 (2)
548 2075 599 2110 Id.
619 2084 793 2118 apparent.
807 2092 854 2101 -—·
870 2075 918 2119 (3)
937 2075 984 2110 Id.
1005 2076 1165 2109 debemus.
1188 2093 1231 2099 -
1252 2075 1300 2117 (4)
1321 2075 1367 2107 Id.
1388 2074 1457 2110 sibi.
