1868 3301
346 243 478 276 LIBER
513 243 570 274 DE
606 242 808 275 OMNIBUS
843 242 1146 286 VlRTUTIBUS,
1185 244 1280 276 ETc.
1403 231 1494 296 [177

126 430 554 445 mmwssmmmvtl
564 430 1434 446 wsssmtnsosnmmmmmva.==„vesuvum
1443 434 1500 446 m

729 571 902 614 LIBER

125 698 197 743 De
231 694 472 742 Omnibus
504 677 794 751 virtutibuS‚
827 710 973 758 quem
1005 693 1174 740 beatus
1204 697 1500 758 Augustinus

497 767 645 814 edidit
668 767 726 815 ad
750 771 952 815 Matrem
978 784 1127 815 suam.

185 925 264 966 Hic
280 932 499 973 tractatu5‚
517 928 588 983 qui
607 924 856 967 eclucitureoe
869 925 974 967 Bibl.
993 925 1157 968 Sanc-tce
1173 927 1311 970 Crucis
1330 927 1501 970 Floren-

126 997 212 1042 tioe,
223 992 333 1035 Plut.
349 1006 437 1035 xvu
449 992 585 1035 dextr.
596 1023 607 1041 ,
617 992 705 1033 cocl.
729 993 881 1049 1x‚fol.
902 1008 941 1042 2,
968 995 1079 1036 nullo
1091 995 1214 1037 modo
1221 1005 1364 1054 potest
1376 996 1495 1037 beato

127 1060 300 1102 Doctorz'
325 1061 515 1109 attribui,
540 1076 630 1101 cum
652 1059 860 1102 interalia
885 1064 1282 1121 citetursrequenter
1305 1064 1494 1105 Historia

134 1128 364 1186 Tripartita
382 1160 392 1179 ,
418 1144 510 1187 quie
521 1138 623 1187 post
642 1133 869 1170 versionem
896 1129 1133 1187 Epiphanis
1153 1132 1393 1174 scholastici
1409 1148 1504 1173 con-

127 1196 395 1253 cinnatasuit
425 1212 452 1237 a
477 1195 742 1249 Cassiodoro,
774 1201 846 1255 qui
860 1213 986 1255 usque
1012 1198 1071 1239 acl
1093 1200 1269 1241 medium
1295 1205 1409 1242 sexti
1422 1216 1504 1242 sce-

129 1264 211 1306 culi
216 1266 364 1321 floruit
377 1298 388 1314 ,
410 1274 452 1306 et
469 1265 576 1306 ultra
593 1297 604 1318 ,
619 1274 754 1322 utpote
766 1269 838 1322 qui
852 1265 1067 1323 defunctus
1087 1271 1141 1308 sit
1159 1284 1267 1309 anno
1290 1269 1388 1311 565.
1417 1270 1507 1323 Sly-

129 1332 193 1375 lus
208 1331 374 1374 aliunde
395 1333 497 1374 m'lzz'l
517 1334 867 1391 Augustinianum
884 1333 1022 1374 habet.
1056 1336 1147 1376 Duo
1174 1336 1317 1377 ultima
1335 1341 1474 1394 capita
1491 1370 1503 1387 ‚

129 1410 170 1443 et
183 1409 411 1442 extremum
427 1405 657 1458 proesertim
674 1418 753 1442 non
775 1401 919 1442 eadem
933 1418 1057 1444 manu
1076 1409 1305 1462 conscripta
1328 1404 1507 1445 credide-

130 1473 206 1510 rim
223 1485 239 1521 ,-
257 1469 466 1510 obscurior
479 1473 582 1509 enim
605 1468 771 1509 dicendi
785 1468 946 1517 modus,
965 1479 1005 1509 et
1018 1474 1288 1512 z'ntrc'catiores
1309 1481 1401 1513 sunt
1412 1488 1506 1513 sen-

130 1540 281 1578 tentiae.
300 1535 557 1594 Quicumque
577 1539 632 1576 sit
654 1535 776 1592 hujus
798 1544 999 1576 tractatus
1019 1541 1206 1594 scriptor,
1228 1554 1308 1579 non
1330 1544 1417 1580 sine
1429 1555 1506 1580 vo·

131 1602 287 1662 luptate
310 1603 471 1661 legetur
488 1619 515 1644 a
537 1606 666 1645 doctis
677 1605 841 1660 piisque
859 1606 975 1645 viris.
1010 1603 1074 1644 Sit
1096 1608 1137 1645 in
1163 1606 1390 1663 appendice
1407 1617 1508 1664 post

124 1670 444 1728 praecedentem.

191 1829 289 1872 Tum
317 1829 532 1887 petitioni,
566 1828 811 1871 charissima
832 1829 977 1878 Mater,
1002 1839 1049 1872 ut
1070 1832 1240 1889 rogasti,
1266 1832 1507 1876 satisfacere

133 1895 275 1938 studui
302 1895 374 1951 (1).
402 1894 505 1938 Novi
527 1895 638 1936 enim
663 1894 856 1936 ardorem
880 1896 938 1937 tui
967 1896 1094 1938 animi
1134 1912 1231 1954 erga
1265 1898 1506 1956 Scripturas

135 1960 320 2010 divinas3
352 1974 441 2002 non
473 1959 548 2002 tibi
583 1959 736 2001 inesset
770 1959 956 2001 studium
987 1962 1170 2018 legendi,
1203 1962 1346 2005 sinon
1377 1966 1437 2019 (2)
1465 1973 1507 2006 et

135 2025 339 2082 implendi
381 2040 430 2067 ea
465 2040 557 2081 quae
599 2025 715 2082 legis.
760 2024 921 2066 Memor
945 2025 1072 2082 igitur
1094 2041 1186 2068 sum
1216 2028 1505 2086 lacrymarum

135 2097 305 2132 tuarum
323 2123 334 2139 ‚
352 2098 394 2132 et
409 2089 544 2132 omnis
561 2089 687 2131 studii
705 2090 766 2131 tui
781 2090 895 2145 quod
916 2090 956 2131 in
983 2099 1022 2131 te
1046 2106 1152 2148 saepe
1170 2093 1387 2150 prospexi,
1408 2095 1509 2136 dum

136 2170 307 2198 mecum
326 2155 390 2213 (5)
410 2156 460 2198 de
478 2155 625 2197 animae
651 2164 731 2197 tuae
753 2156 1095 2198 sermocinareris
1117 2158 1322 2214 profectu.
1346 2159 1398 2201 Et
1414 2159 1509 2201 ideo

136 2219 242 2263 mihi
279 2235 364 2263 non
397 2220 532 2277 piguit
565 2220 674 2267 hoc,
708 2221 823 2277 quod
854 2220 956 2262 mihi
988 2230 1057 2263 tua
1094 2237 1317 2280 suggerere
1347 2225 1510 2267 studuit

138 2284 344 2334 charitas,
380 2284 635 2341 adimplere3
661 2293 868 2340 quatenus
894 2293 936 2326 et
964 2294 1006 2327 tu
1029 2301 1079 2327 ex
1108 2286 1183 2328 hae
1204 2287 1289 2344 ipsa
1316 2289 1510 2331 admoni-

139 2350 254 2393 tione
275 2350 318 2392 in
338 2350 506 2392 Domini
529 2350 659 2407 gratia
679 2351 825 2392 datum
853 2351 1056 2408 accipias,
1079 2361 1121 2394 et
1141 2367 1217 2409 ego
1242 2362 1323 2395 tuae
1346 2369 1510 2396 merce-

141 2414 203 2458 dis
222 2414 333 2458 effici
348 2429 512 2458 merear
533 2415 753 2473 particeps.
773 2415 869 2458 Scio
891 2416 1002 2458 enim
1024 2430 1112 2458 non
1135 2418 1404 2461 mediocriter
1419 2434 1510 2461 esse

189 2515 241 2562 (1)
263 2518 342 2550 Cod.
361 2520 507 2558 seribere,
525 2525 555 2552 et
574 2526 668 2553 antea
683 2520 742 2552 eibi
757 2529 804 2553 uc.
819 2539 865 2545 —
887 2518 940 2567 (2)
956 2522 1003 2556 Id,
1030 2523 1120 2565 ponit
1139 2522 1168 2553 si
1191 2534 1255 2554 non
1283 2528 1358 2555 ante
1376 2523 1509 2557 inesset.

143 2573 252 2616 -(3)
267 2574 316 2608 Id.
342 2584 447 2606 tecum
463 2602 471 2617 ‚
498 2587 555 2619 pro
577 2587 716 2618 mecum,
736 2576 796 2608 nisi
818 2577 900 2618 legas
921 2577 1167 2610 sermocinarer.
