1868 3301
268 328 411 363 smmo
446 326 619 369 txxvn,
655 328 705 360 IN
740 329 902 363 mnu
940 327 1256 361 mnocnn‘nun
1290 330 1321 362 1.
1412 314 1500 371 [111

138 399 301 446 terribli
324 398 439 454 jussu
463 395 755 439 interminatus
790 397 893 440 dixit
920 413 961 440 :a
983 396 1044 438 Ite
1074 395 1115 437 in
1148 395 1364 438 Bethleem
1386 395 1507 441 Judae

137 477 210 510 net
233 466 274 509 in
297 464 453 508 finibus
476 462 591 520 ejus,
618 473 660 505 et
686 465 892 521 quidquid
912 464 968 506 ibi
988 462 1222 505 inveneritis
1243 478 1263 504 a
1285 463 1445 505 bimatu
1468 472 1509 506 et

139 552 155 574 ι
170 532 274 575 infra
297 531 532 572 masculum
543 530 766 572 occidite¹.
783 549 796 570 υ
811 531 929 573 Tunc
946 529 1114 572 videbat
1134 528 1338 570 Dominus
1354 529 1510 573 amicos

137 598 217 642 sibi
239 596 472 654 diligendos
503 595 564 651 (1)
587 595 860 644 innocentcs;
888 596 940 638 ad
964 610 1007 637 se
1040 601 1245 636 vocantur
1272 594 1358 651 (2),
1390 603 1436 635 ut
1458 594 1509 637 sit

137 662 428 707 innocentium
455 660 630 703 amicus.
658 660 778 703 Sicut
796 669 858 704 est
882 661 1082 703 innocens
1103 658 1344 701 Dominus«
1367 659 1510 717 Agnus

136 728 464 771 »immaculatus
491 726 562 783 qni
596 727 706 769 tollit
739 736 912 784 peccata
950 725 1121 775 mundi,
1146 744 1161 764 ι)
1190 724 1245 766 ita
1280 724 1377 766 sacti
1414 734 1512 768 sunt·

135 795 174 838 ei
198 795 445 836 innocentes
469 792 589 834 amici
610 793 915 834 :«1nnocentes
931 801 974 834 et
991 791 1096 834 recti
1114 790 1510 840 adhaeseruntmibi,

135 877 151 899 »
166 859 262 916 quia
276 857 453 901 sustinui
472 865 527 905 te,
551 856 791 900 Domine².u
807 857 1014 900 Sustinuit
1029 856 1191 914 fugiens
1208 856 1248 897 in
1267 856 1511 913 AEgyptum,

136 933 178 967 et
199 923 299 966 fecit
333 922 412 964 sibi
444 922 598 964 amicas.
635 923 821 980 legiones
853 922 1169 972 innocentium,
1208 922 1360 979 quibus
1399 921 1514 964 dedit

135 989 225 1032 sine
251 989 397 1032 dolore
418 987 694 1044 martyriunn
721 988 816 1044 quia
840 989 915 1031 etsi
940 989 1139 1031 dolebant
1160 996 1329 1036 matres,
1352 986 1513 1029 crimen

136 1054 372 1098 nescientes
395 1053 648 1096 laetabantnr
678 1054 870 1097 infantes.
897 1055 988 1098 Non
1018 1055 1192 1097 curabat
1216 1054 1400 1111 gladium
1423 1068 1513 1110 por-

136 1120 342 1164 secntoris
363 1118 627 1161 conscientia
661 1119 924 1168 innocentis,
956 1121 1052 1177 quia
1077 1121 1287 1176 gaudebat
1309 1134 1405 1161 cnm
1432 1118 1510 1161 illis

123 1185 232 1243 ‚suga
265 1185 467 1227 innocens
493 1183 735 1227 salvatoris.
766 1185 971 1227 Dominus
994 1186 1214 1242 quaeritur,
1235 1193 1277 1226 et
1301 1184 1422 1226 amici
1443 1183 1513 1240 ju-

136 1253 352 1309 gulantur,
372 1258 418 1292 ut
437 1249 635 1306 jungeret
657 1265 728 1293 eos
747 1252 914 1309 sangnis
932 1252 1134 1294 innocens
1152 1285 1161 1300 ‚
1184 1266 1288 1307 quos
1309 1249 1515 1308 separavit

135 1317 297 1375 gladius
320 1314 573 1372 impudicus.

195 1381 250 1425 11.
291 1380 328 1423 O
359 1381 645 1423 inverecunda
682 1382 854 1424 dextera
899 1382 1186 1440 persecutoris
1206 1383 1215 1423 1
1258 1381 1350 1425 Non
1385 1381 1515 1424 habet

137 1448 250 1504 quod
262 1446 383 1489 feriat
405 1445 447 1487 in
465 1446 666 1488 membris
690 1447 882 1497 infantis,
901 1457 943 1490 ct
960 1449 1148 1491 extendit
1171 1447 1342 1489 brachia
1366 1447 1516 1489 serien-

136 1511 387 1556 tis.Gladius
409 1512 551 1554 locum
567 1527 650 1553 non
672 1512 873 1561 habebat,
891 1522 932 1555 et
951 1512 1191 1556 carnificem
1206 1528 1290 1554 non
1310 1511 1509 1569 pudebat.

136 1577 280 1621 Latior
305 1585 396 1619 erat
429 1575 489 1633 (5)
519 1577 728 1619 machaera
745 1611 756 1627 ‚
790 1594 916 1635 qnam
938 1579 1119 1628 viscera,
1145 1586 1191 1620 ut
1211 1579 1415 1635 gladiator
1439 1577 1515 1619 ha-

137 1643 258 1685 beret
280 1641 440 1685 crimen
456 1674 467 1690 ‚
492 1649 534 1684 et
556 1656 641 1684 non
663 1642 903 1686 innocentia
926 1643 1004 1699 (Δ).
1031 1644 1142 1686 Dum
1164 1644 1275 1685 enim
1290 1644 1516 1685 evelleren-

139 1716 208 1752 tur
223 1723 244 1751 a
263 1707 554 1763 complexibus
567 1713 750 1750 matrum
775 1724 894 1750 avara
918 1724 1046 1751 manu
1068 1708 1316 1751 carnificum
1332 1742 1340 1756 ‚
1361 1717 1514 1750 matres

139 1788 233 1816 suas
256 1772 394 1830 digitis
418 1772 753 1830 constringentes
770 1806 780 1822 ,
806 1783 848 1816 et
869 1774 1029 1816 miseris
1048 1775 1274 1831 gemitibus
1297 1773 1515 1831 deploran-

139 1848 227 1888 tes,
255 1840 410 1881 clamat
445 1845 581 1880 mater
606 1838 700 1880 :«O
722 1838 777 1880 mi
807 1838 890 1885 sili,
923 1839 1025 1896 quid
1056 1854 1124 1881 me
1157 1839 1314 1881 retines
1335 1871 1344 1886 ,
1372 1847 1414 1881 et
1434 1847 1472 1880 te
1492 1853 1513 1880 a

141 1918 208 1946 me
227 1911 392 1962 separat
414 1903 635 1945 carnifex?
659 1904 721 1946 Tu
745 1904 921 1962 stringes
944 1919 1116 1954 manus,
1146 1912 1186 1945 et
1203 1919 1320 1946 mens
1337 1905 1396 1960 (5)
1421 1911 1514 1946 tor—

140 1978 294 2028 quetur
318 1969 505 2012 affectus.
531 1969 624 2012 IIoc
647 1971 850 2028 praecepit
878 1986 974 2019 rex,
995 1979 1042 2012 ut
1060 1971 1263 2027 separeris
1286 1985 1307 2012 a
1335 1985 1417 2018 me,
1443 1969 1516 2011 sed

141 2033 330 2079 est'alins
352 2035 439 2079 Rex
463 2034 611 2077 sortior
629 2044 672 2078 et
692 2044 874 2078 aeternns
889 2069 899 2085 ,
933 2051 1008 2093 per
1030 2051 1156 2093 quem
1179 2035 1446 2092 conjungaris
1465 2035 1517 2076 ad

140 2116 222 2145 me.
247 2101 354 2150 Fili,
384 2100 492 2143 facio
513 2100 586 2143 tibi
607 2102 716 2150 vale,
743 2110 852 2144 terra
872 2102 989 2144 bibet
1011 2102 1255 2160 sanguinem
1278 2110 1396 2144 tuum
1414 2133 1424 2149 ,
1444 2101 1518 2143 sed

141 2167 292 2224 estqui
315 2167 738 2224 suscipiatspiritum
763 2178 896 2211 tuum.
920 2188 935 2208 n
969 2169 1134 2227 Ubique
1157 2170 1296 2212 luctus
1317 2200 1327 2215 ,
1360 2168 1516 2224 ubique

141 2234 335 2291 gemitus.
360 2233 541 2275 Indictio
564 2233 643 2275 snit
675 2250 760 2276 non
783 2235 1026 2292 cupiditatis
1042 2267 1052 2282 ,
1077 2236 1150 2277 sed
1173 2234 1314 2291 magni
1342 2233 1512 2281 suroris,

143 2298 306 2341 Clamat
327 2312 426 2356 ergo
443 2298 542 2341 hinc
563 2307 604 2340 et
622 2299 720 2341 inde
734 2299 896 2342 diversa
920 2309 1054 2343 mater
1075 2315 1084 2342 :
1103 2300 1337 2348 «Carnifex,
1364 2313 1512 2358 parvu-

141 2363 230 2406 lum
253 2379 395 2406 meum
419 2379 440 2406 a
465 2379 533 2406 me
556 2363 725 2407 festinas
752 2365 891 2423 gladio
913 2380 1132 2424 separare;
1163 2365 1272 2407 dona
1300 2378 1460 2408 moram
1482 2362 1516 2405 si

192 2487 202 2511 ¹
222 2487 392 2530 Matth.11‚
412 2487 466 2522 16.
481 2504 526 2511 —
542 2484 558 2508 ²
572 2486 654 2521 Psal.
670 2497 762 2531 xxxv,
779 2499 835 2523 αι.

190 2574 240 2621 (1)
263 2576 340 2610 Cod.
362 2577 420 2608 sibi
442 2577 625 2620 diligentes,
645 2594 691 2602 -
718 2577 767 2620 (2)
794 2578 872 2611 Cod.
893 2578 939 2611 ad
961 2592 994 2611 se
1030 2586 1207 2611 vocantem
1222 2603 1231 2621 ,
1261 2577 1329 2609 sine
1354 2586 1458 2608 sensu.
1473 2593 1515 2600 -·

142 2633 192 2673 (3)
208 2632 258 2667 Id.
281 2633 389 2665 latius.
412 2652 457 2658 -
475 2631 524 2679 (4)
555 2634 687 2677 Aliquid
704 2633 881 2667 desiderari
899 2635 1041 2675 vide1nr3
1068 2635 1152 2668 forte
1180 2643 1212 2667 et
1236 2643 1301 2665 non
1332 2630 1517 2663 innocencia

144 2688 302 2735 dolorem,
319 2694 372 2722 aut
385 2688 471 2722 atiud
488 2688 687 2734 hujusmodi.
706 2707 753 2716 —
765 2687 817 2737 (5)
836 2690 917 2724 eod.
933 2693 1016 2725 male
1031 2703 1127 2724 meos.
