1885 3284
337 219 396 265 26
742 234 776 264 s.
821 231 1067 262 Aucusrim
1105 230 1310 263 Emscopi

335 317 499 364 scilicet
522 326 570 361 ut
602 314 821 379 quidquid
836 314 1017 361 tortuosi
1039 313 1247 378 serpentis
1271 313 1570 361 anfractuosus
1584 326 1625 362 et
1643 315 1716 363 lu·-

335 389 485 435 brivas
503 405 624 433 error
647 386 808 432 invexit
828 424 838 442 ‚
878 385 1096 451 quidquid
1123 385 1337 431 scabrosae
1355 396 1524 432 naturae
1550 386 1718 434 claudi-

337 477 433 505 cosa
456 458 559 522 (sic)
587 457 767 502 durities
787 459 960 520 operuit
981 457 1072 520 (ι),
1096 467 1226 502 rectae
1244 467 1285 502 et
1302 457 1524 502 inoffensae
1538 457 1640 513 viae,
1669 476 1720 505 ac

337 529 565 577 securioris
590 529 755 573 semitas
778 528 918 574 fidelis
956 528 1156 591 planities
1190 527 1456 590 adaequaret.
1500 528 1597 573 Hoc
1620 546 1720 588 ergo

338 601 417 646 ista
453 617 531 645 vox
565 599 726 644 clamat
746 635 758 654 ,
786 599 871 645 hoc
895 601 1092 644 universo
1120 597 1284 643 mundo
1310 599 1464 643 Praeeo
1489 607 1634 644 tantus
1655 599 1723 645 in-

338 673 482 717 sinuat
502 689 512 716 :
535 693 550 710 «
573 671 751 726 Parate,
780 671 948 733 inquit,
970 669 1083 715 viam
1110 669 1321 724 Domino,
1345 678 1484 713 rectas
1509 667 1638 714 facite
1653 686 1721 715 se-

343 766 361 784 »
380 743 504 788 mitas
526 741 609 787 Dei
632 740 812 787 nostri1.
838 764 852 781 »
878 742 976 786 Jam
998 739 1213 803 siquidem
1234 739 1371 784 Maria
1390 738 1558 801 Spiritu
1575 750 1725 785 sancto

342 825 440 859 ante
458 824 749 876 conceperat3
773 816 863 872 jam
894 813 982 858 sine
1007 811 1146 857 alieno
1170 812 1329 856 semine
1355 809 1613 873 impollutus
1632 811 1727 857 Vir-

341 885 453 943 ginis
475 894 626 929 venter
640 894 900 930 excreverat.
918 883 1015 927 Jam
1032 882 1106 927 hic
1125 881 1499 941 Evangelistarum
1522 882 1729 927 currebat

341 954 555 1019 quadriga
592 953 787 1000 cadentis
824 954 907 999 alvi
946 952 1124 1016 plenum
1162 953 1250 996 Deo
1278 967 1452 997 cursum
1476 968 1554 1013 per
1577 952 1728 997 orbem

344 1026 502 1079 ducta,
542 1036 721 1070 cantum
759 1024 992 1070 resonabat
1020 1023 1103 1086 (2)
1149 1022 1253 1068 Ideo
1278 1039 1355 1068 vox
1375 1021 1591 1082 judicem,
1624 1023 1730 1068 tuba

345 1096 535 1159 praeibat
556 1113 696 1155 regem
714 1133 724 1150 ‚
754 1106 801 1141 ut
819 1094 1015 1140 seculum
1041 1093 1293 1139 conveniret
1312 1129 1323 1149 ,
1344 1103 1385 1137 et
1407 1092 1598 1138 mundus
1615 1104 1733 1139 totus

347 1167 519 1213 audiret
539 1205 549 1222 ‚
577 1168 864 1230 terrificisque
885 1166 1167 1226 clangoribus
1186 1164 1337 1209 surdas
1357 1181 1478 1209 aures
1502 1165 1734 1210 hominum

348 1255 477 1284 sonus
501 1239 725 1298 gravissim
735 1256 780 1283 us
800 1238 1000 1301 aperiret.

415 1310 500 1355 Ill.
545 1309 654 1354 Cum
673 1309 807 1369 igitur
829 1308 1032 1354 sacerdos
1056 1307 1295 1352 Zacharias
1315 1316 1472 1352 astaret
1493 1304 1705 1351 altaribus
1724 1338 1734 1358 ‚

352 1381 610 1427 annuntiato
632 1382 797 1427 christi
823 1383 1051 1435 Praecone,
1080 1377 1308 1424 confestim
1342 1377 1595 1423 incredulus
1616 1386 1740 1439 pater

353 1451 590 1497 obmutuit.
616 1452 756 1497 Sensit
771 1469 851 1498 vox
867 1451 1052 1509 genuina
1065 1449 1312 1508 silentium,
1330 1459 1450 1493 vetus
1473 1448 1620 1507 lingua
1638 1461 1740 1490 con-

356 1522 481 1567 ticuit
501 1522 778 1569 Judaeorum.
810 1520 1048 1566 Zacharias
1072 1519 1271 1565 sacerdos
1295 1537 1316 1564 a
1334 1518 1548 1564 sacrificio
1573 1515 1742 1563 reverti-

357 1605 429 1639 tur
454 1604 625 1648 mutus‚
654 1595 757 1657 quia
786 1609 912 1639 verus
953 1601 1044 1637 erat
1082 1590 1294 1636 Sacerdos
1334 1589 1453 1635 illico
1484 1589 1740 1635 nasciturus.

359 1664 639 1726 Torpuerunt
658 1665 701 1709 in
727 1663 865 1709 cubili
885 1679 962 1707 suo
989 1662 1185 1707 membra
1210 1662 1441 1706 vorborum
1466 1681 1476 1714 3
1500 1677 1579 1706 vox
1596 1660 1638 1704 in
1660 1659 1746 1704 suis

359 1737 522 1779 succisa
556 1734 784 1780 radicibus
812 1733 928 1778 aruit
949 1770 958 1783 ,
988 1743 1115 1795 atque
1155 1733 1197 1777 in
1235 1733 1339 1795 ipsis
1377 1732 1608 1777 conatibus
1630 1731 1744 1775 victa

359 1805 517 1851 defecit
534 1825 545 1859 ;
562 1805 675 1851 nihil
701 1816 852 1869 aperto
875 1822 948 1850 ore
966 1805 1151 1849 sonabat
1169 1841 1178 1860 ‚
1198 1807 1301 1867 quia
1319 1804 1432 1849 intra
1451 1819 1617 1849 caecum
1637 1801 1747 1847 uteri

361 1876 624 1923 dehiscentis
639 1878 773 1923 chaos
794 1877 1028 1940 absorptus
1050 1886 1091 1920 et
1106 1876 1372 1937 interceptus
1384 1892 1522 1921 sermo
1539 1874 1740 1938 perierat.

365 1953 478 1994 Ante
499 1947 695 1993 Verbum
722 1964 802 1992 vox
827 1948 1035 1993 nascitur.
1082 1946 1281 1992 Perdidit
1307 1947 1452 2010 itaque
1484 1945 1640 1992 Judaea
1661 1961 1747 1990 ser-

364 2034 539 2062 monem
562 2029 736 2080 patrum
762 2056 771 2071 ‚
802 2028 841 2062 ct
862 2017 925 2062 vis
944 2033 1071 2062 novae
1095 2018 1212 2062 vocis
1247 2017 1447 2062 transivit
1488 2016 1539 2061 ad
1568 2015 1706 2061 filium
1736 2052 1746 2069 ‚

364 2089 467 2152 quia
488 2088 676 2134 Joannes
697 2089 875 2134 Christo
895 2099 987 2133 erat
1008 2088 1287 2133 exhibiturus
1301 2086 1748 2151 obsequium.Verum

364 2158 618 2204 incredulus
635 2159 707 2205 ille
732 2170 875 2222 pater,
899 2159 976 2222 qui
1003 2159 1198 2205 Gabrieli
1220 2176 1243 2204 a
1259 2159 1429 2204 thronis
1454 2158 1671 2218 regalibus
1682 2173 1751 2202 ve-

366 2231 503 2275 nienti
527 2230 668 2275 noluit
695 2230 1028 2275 accommodare
1050 2230 1199 2285 fidem,
1224 2241 1322 2293 post
1342 2230 1657 2275 incarceratam
1674 2244 1749 2273 vo-

367 2318 460 2346 cem
478 2338 489 2357 ,
516 2318 647 2364 quam
672 2312 791 2348 vasta
814 2300 1008 2347 faucium
1031 2300 1331 2365 profunditas,
1348 2300 1749 2347 etiulcaviscerum

367 2384 527 2418 secreta
560 2384 842 2437 receperant,
873 2373 949 2418 ubi
971 2384 1109 2419 mater
1134 2384 1303 2419 naturae
1332 2371 1506 2419 vincula
1527 2382 1569 2417 et
1588 2370 1752 2417 nodosa

421 2488 428 2509 ¹
450 2491 524 2519 Luc.
541 2499 587 2529 iu,
607 2494 640 2524 4.

420 2558 475 2606 (1)
494 2561 574 2593 Cod.
593 2561 722 2603 aperiit.
736 2579 782 2585 —
803 2559 852 2604 (2)
875 2561 927 2595 Sic
950 2562 1026 2596 cod.
1042 2564 1138 2594 Forte
1152 2574 1209 2606 pro
1225 2563 1290 2593 alvi
1306 2562 1472 2604 legendum
1488 2568 1534 2594 est
1551 2563 1622 2595 aevi.
1640 2569 1671 2595 et
1690 2561 1754 2594 vir-

373 2618 517 2660 gularum
537 2617 711 2649 mutandus
731 2618 832 2656 ordo;
856 2621 970 2651 Lector
990 2619 1116 2653 viderit.
