1868 3301
307 369 399 413 :388
572 386 604 413 s.
651 384 895 414 Arctrs'rim
935 384 1139 415 EPISCOPl
1178 385 1414 416 Arrnme.

304 451 457 508 quihus
482 450 607 498 vixit,
628 466 794 508 semper
821 451 988 507 scripsit
1009 460 1050 493 et
1069 451 1235 498 docuit,
1261 452 1314 493 ita
1341 461 1381 493 ut
1406 454 1464 509 (ι)
1495 452 1618 496 etiam
1639 453 1678 496 in

304 531 474 558 carcere
503 515 662 572 positus
688 516 904 572 disputare
936 531 1033 557 cum
1068 516 1305 558 hnmilitate
1328 532 1424 559 cum
1447 521 1681 563 latronibus

305 582 492 639 captivus
515 597 596 622 non
620 591 816 623 cessaret.
847 582 970 633 Cato,
997 596 1093 623 eum
1120 583 1181 624 vir
1204 583 1533 640 sapientissimus
1555 596 1679 634 esset,

304 657 345 690 et
367 649 418 689 ad
439 657 700 689 senectutem
727 646 984 695 devenisset,
1010 662 1169 705 graecas
1191 648 1351 691 litteras
1375 665 1395 690 a
1422 651 1588 693 rusticis
1613 653 1684 694 ad·

305 715 466 756 discere
489 729 573 755 non
593 714 778 756 erubuit.

362 779 431 822 VI.
470 780 506 823 O
529 788 671 822 sancta
701 788 742 822 et
775 779 961 837 perfecta
992 780 1124 823 virtus
1159 781 1436 831 humilitatis,
1474 783 1562 825 sine
1604 799 1684 840 qua

305 846 468 887 nullum
490 845 648 887 honum
674 860 762 886 esse
785 854 947 902 potest,
973 854 1014 887 et
1036 861 1133 887 cum
1158 861 1238 902 qua
1261 861 1387 888 omne
1410 847 1572 889 bonum
1594 863 1689 905 per-

304 912 461 954 sectum
485 913 573 953 cst!
604 927 626 952 0
649 920 790 952 sancta
816 910 1055 958 humilitas,
1083 927 1209 968 quam
1246 911 1472 953 Christiani
1511 914 1684 961 colunt.

303 992 428 1035 quam
453 976 600 1033 pagani
628 977 823 1024 adorant,
864 991 988 1033 quam
1021 976 1159 1018 Judaei
1199 978 1521 1027 commendant,
1558 994 1685 1035 quam

303 1042 488 1084 haeretici
512 1042 756 1098 publicant!
783 1056 807 1082 ο
830 1050 972 1083 sancta
1003 1041 1242 1091 humilitas,
1278 1051 1528 1084 cunctarum
1553 1044 1686 1086 virtu-

304 1118 392 1151 tum
420 1107 733 1156 conservativa,
761 1116 1016 1148 cunctorum
1041 1108 1240 1149 vitiorum
1262 1107 1498 1166 expulsiva,
1526 1124 1687 1167 paupe-

302 1189 395 1216 rum
430 1173 728 1220 sustentativa.
767 1174 830 1214 sui
861 1173 988 1229 ipsius
1013 1173 1275 1231 despectiva,
1314 1175 1489 1216 aliorum
1524 1176 1686 1233 magni·

302 1240 464 1282 ficativa
487 1273 495 1287 ‚
531 1240 721 1281 omnium
755 1239 965 1281 bellorum
1010 1240 1239 1296 placatim,
1273 1241 1463 1281 omnium
1500 1242 1684 1284 rixarum

301 1306 562 1363 impeditiva,
588 1306 777 1347 ninnium
811 1306 1076 1362 perditorum
1101 1307 1400 1354 restaurativa,
1435 1308 1679 1350 omnium...

300 1373 498 1429 repletiva
517 1404 526 1420 ‚
552 1371 742 1413 omnium
769 1371 1020 1427 dignitatum
1045 1379 1086 1413 et
1109 1371 1319 1413 bonorum
1343 1373 1682 1428 multiplicative,

300 1438 435 1481 omnis
453 1437 613 1479 servilis
637 1437 799 1479 timoris
822 1437 1052 1494 expulsiva,
1074 1438 1186 1479 etad
1208 1439 1363 1479 coelum
1389 1439 1682 1480 sublimativa!

298 1505 372 1547 Pet
398 1512 459 1551 te,
486 1511 630 1546 sancta
655 1503 893 1549 humilitas,
920 1518 1036 1560 reges
1061 1503 1293 1559 regnant¹3
1324 1518 1398 1560 per
1433 1513 1472 1544 te
1501 1505 1685 1560 aperitur

301 1571 454 1611 coelum
478 1577 519 1610 et
542 1568 729 1610 infernus
753 1568 987 1615 clauditur3
1014 1583 1088 1625 per
1113 1578 1151 1609 te
1175 1568 1256 1609 reis
1280 1567 1470 1625 parcitur
1495 1577 1537 1610 et
1560 1584 1683 1610 coro·

301 1642 478 1683 nantur3
499 1649 572 1689 per
591 1642 629 1674 te
642 1633 737 1674 force
760 1643 1059 1675 mansuescunt
1083 1642 1124 1674 et
1142 1635 1378 1690 placantur.
1408 1633 1624 1690 Numquid
1643 1644 1683 1676 ct

300 1702 466 1746 leones,
508 1699 606 1740 licet
643 1699 870 1750 vulnerati,
916 1698 1078 1740 homini
1109 1707 1318 1755 prostrato
1354 1713 1438 1739 non
1475 1699 1684 1755 parcunt?

301 1765 505 1822 numquid
537 1779 621 1805 non
646 1764 863 1819 mitigatur
885 1763 1020 1815 canis,
1045 1764 1077 1806 si
1098 1763 1317 1806 hominem
1337 1765 1554 1806 sedentem
1574 1765 1683 1806 iuve-

300 1833 431 1879 nerit,
456 1845 580 1887 quem
605 1830 1033 1887 priusinsequebatur
1056 1829 1296 1871 currendo?
1319 1829 1543 1872 ‘Namsieut
1560 1830 1683 1871 arhor

300 1899 379 1939 ulta
403 1904 445 1938 et
467 1895 651 1945 directa,
678 1894 856 1936 floribus
882 1903 1054 1948 ornata,
1078 1904 1118 1936 et
1140 1895 1347 1938 fructibus
1372 1895 1519 1936 vestita
1540 1903 1681 1937 atten-

301 1963 411 2004 ditur
436 1960 667 2018 plurimum
703 1959 898 2001 admirari
936 1960 1017 2013 (2),
1053 1960 1129 2001 sub
1159 1976 1239 2017 qua
1268 1960 1393 2002 etiam
1422 1959 1615 2001 homines
1640 1968 1682 2002 et

300 2043 393 2069 aves
413 2025 623 2068 demorari
647 2026 914 2066 delectantur
928 2042 939 2074 ;
954 2026 1012 2067 sic
1034 2026 1145 2068 Deus
1163 2026 1397 2069 delectatur
1414 2025 1625 2083 respicere
1640 2035 1682 2068 et

300 2094 489 2135 habitare
512 2092 552 2132 iu
578 2091 716 2133 anima
735 2091 941 2133 humiliet
963 2092 1117 2148 quieta.

366 2159 446 2202 Vll.
487 2157 615 2200 Nobis
652 2172 781 2213 crgo,
815 2157 978 2210 fratres,
1006 2158 1237 2200 necessaria
1276 2167 1339 2200 est
1375 2165 1417 2199 et
1444 2158 1570 2215 longe
1593 2172 1678 2199 am-

299 2226 407 2283 plior
434 2225 494 2279 (5)
525 2223 760 2273 humilitas,
787 2239 912 2279 quam
938 2225 1006 2265 illa
1028 2224 1347 2266 Pharisaeorum.
1371 2224 1424 2266 Et
1450 2224 1483 2265 si
1509 2223 1679 2280 petieri—

300 2305 413 2340 mus,
441 2290 614 2336 fratres,
650 2297 795 2330 sancto
830 2289 915 2330 viro
942 2289 1115 2332 Nicolao
1145 2290 1362 2332 dicentes:
1389 2289 1582 2331 Edissere
1609 2303 1681 2330 no-

300 2356 385 2404 bis,
420 2355 541 2396 Pater
575 2362 744 2402 sancte,
777 2369 867 2410 quae
901 2353 1028 2396 fuerit
1053 2355 1126 2396 ista
1149 2356 1317 2412 grandis
1338 2354 1552 2396 humilitas
1570 2387 1579 2403 ‚
1604 2368 1679 2410 per

299 2436 424 2478 quam
454 2428 618 2461 tantum
647 2420 884 2467 veneraris;
926 2420 1047 2461 nobis
1085 2421 1342 2478 respondere
1371 2428 1509 2476 potest
1533 2433 1542 2460 ι
1569 2420 1678 2461 Cum

349 2534 470 2564 ¹1³rov.
486 2542 553 2566 vm,
577 2533 628 2561 15.

364 2624 392 2668 1)
414 2623 494 2657 Cod.
515 2623 562 2653 im
579 2622 679 2663 quod.
695 2639 739 2647 -—
759 2620 807 2666 (α)
835 2621 961 2654 phrasis
979 2622 1138 2666 barbara,
1166 2633 1262 2667 quam
1282 2628 1406 2654 mutare
1427 2621 1603 2661 noluimus7
1623 2621 1676 2653 sed

296 2694 366 2725 quae
385 2682 464 2712 {wne
482 2681 521 2711 itu
537 2686 715 2711 veneretur
730 2691 736 2710 2
754 2681 1128 2721 Attendicurplurimum
1148 2682 1188 2711 ab
1207 2680 1453 2712 admirantibus.
1472 2697 1513 2704 -—
1529 2680 1577 2721 (3)
1591 2679 1671 2714 Cod.

298 2738 417 2779 1:771521'1'11
425 2749 444 2767 ς.
