1885 3284
276 303 367 352 228
532 319 568 348 s.
614 314 860 347 Aueus‘rlm
897 311 1106 345 EPISCOPl
1142 310 1383 343 ArPEme.

277 385 368 429 haec
391 382 732 442 peregrinantes,
763 381 872 422 cives
899 377 1103 425 ostendit;
1126 378 1214 420 haec
1236 387 1300 419 est
1321 374 1541 419 discordiae
1568 388 1652 416 am-

282 449 467 511 putatio,
492 448 583 490 haec
611 454 674 489 est
697 446 812 503 pacis
844 445 1186 491 firmamentum,
1223 444 1312 485 haee
1342 452 1405 484 est
1446 443 1654 483 bonorum

282 517 471 562 omnium
491 512 657 556 abunda
677 512 855 568 largitio.
872 512 1020 553 Ocrux
1034 543 1044 559 ‚
1067 509 1180 552 orbis
1198 518 1319 551 terrae
1335 510 1495 550 cautela
1511 541 1521 556 ,
1546 514 1657 547 tem-

283 586 450 642 plorum
467 579 715 631 destructio,
733 579 940 620 idolorum
959 576 1193 626 subversio,
1211 575 1391 632 perditio
1411 574 1657 631 impiorum,

286 648 531 692 scandalum
567 646 808 686 Judaeorun]
831 676 840 690 ,
870 643 1150 683 invalidorum
1181 641 1333 688 virtus,
1368 638 1662 695 aegrotantium

285 713 477 758 medicus
492 745 500 758 ‚
526 710 688 752 curatio
709 711 992 765 leprosorum,
1016 706 1347 764 paralyticorum
1369 704 1553 760 requie‘s,
1575 717 1665 744 esu-

287 778 485 822 rientium
505 776 643 833 panis,
669 773 899 816 sitientium
922 773 1014 814 sous
1029 804 1038 819 ,
1060 773 1297 813 invidorum
1318 770 1525 828 protectio
1541 803 1550 818 ,
1573 782 1665 809 ere-

287 846 485 887 mitarum
510 841 639 899 gloria
669 849 710 881 et
733 847 986 881 cunctorum
1024 836 1213 878 fidelium
1253 837 1405 878 laetitia.
1450 836 1529 877 Per
1557 835 1668 876 hanc

291 906 636 954 demonstrantur
652 905 799 962 Augeli
815 937 822 951 ‚
841 919 915 960 per
936 903 1214 960 hanercgales
1239 903 1350 944 aulas
1376 902 1532 944 intrare
1551 914 1672 941 com-

292 975 502 1034 pellimur,
529 970 735 1029 perhanc
758 969 916 1011 diaboli
948 970 1119 1026 sagittas
1150 967 1408 1025 despicimus
1425 1001 1434 1016 ,
1464 982 1539 1025 per
1560 966 1672 1007 lianc

295 1041 485 1084 flammas
513 1037 604 1093 ejus
624 1035 910 1091 extinguimus
927 1067 937 1083 ,
962 1034 1164 1091 perhanc
1182 1034 1462 1075 sortitio-amur
1483 1033 1525 1074 in
1547 1045 1674 1074 cunc-

296 1108 360 1151 tis.
400 1124 415 1145 «
433 1105 668 1148 Induamur
686 1117 785 1159 ergo
807 1115 919 1143 arma
944 1100 1095 1149 lueis¹‚
1111 1118 1125 1139 ι)
1154 1101 1248 1157 quia
1273 1115 1451 1157 sponsus
1477 1106 1677 1156 expecta·-

300 1184 367 1218 tus
389 1170 572 1215 advenit.
606 1168 773 1227 Lupum
798 1167 883 1224 jam
915 1183 1000 1209 non
1029 1182 1252 1224 possumus
1286 1166 1541 1214 formidare,
1582 1163 1681 1221 quia

301 1242 413 1284 bono
437 1251 483 1279 ac
518 1234 705 1292 diligenti
728 1232 879 1274 muniti
905 1231 1031 1274 hodie
1062 1248 1207 1274 sumus
1241 1241 1422 1290 pastore.
1460 1231 1598 1274 Nolite
1621 1262 1631 1279 ,
1657 1244 1682 1271 o

302 1311 549 1365 peccatores
567 1332 576 1348 ‚
612 1299 696 1355 jan]
730 1299 902 1346 timere,
936 1299 1011 1339 sed
1039 1300 1249 1340 mansueti
1273 1298 1395 1355 Regis
1418 1296 1685 1354 stigmatibus

307 1371 534 1414 adhaerere.
570 1364 756 1419 Aspicite
781 1378 881 1421 ergo
898 1397 908 1412 ‚
930 1373 976 1405 ut
995 1363 1217 1410 vexillum,
1248 1377 1420 1405 erucem
1455 1378 1531 1421 pro
1565 1362 1687 1404 nohis

307 1435 435 1479 hodie
450 1433 489 1474 iu
506 1439 652 1473 moute
664 1428 938 1486 explicatum,
954 1428 994 1469 in
1008 1444 1091 1485 quo
1106 1429 1216 1470 salus
1231 1437 1371 1470 nostra
1396 1427 1620 1485 pependit,
1648 1429 1690 1468 in

313 1516 396 1560 quo
409 1495 661 1540 resurrectio
680 1501 820 1535 nostra
843 1493 1047 1551 refulget,
1070 1494 1111 1535 in
1130 1509 1213 1550 quo
1229 1495 1308 1535 vita
1321 1504 1462 1535 nostra
1479 1492 1686 1535 consistit.

313 1566 506 1620 Denique
530 1561 587 1603 ibi
610 1560 671 1616 (1)
698 1567 975 1616 peccatorum
1002 1566 1245 1600 nostrorum
1270 1559 1505 1601 immolatio
1527 1567 1568 1599 et
1596 1573 1691 1599 am-

316 1629 478 1691 putatio
496 1659 507 1676 ,
528 1626 583 1668 ibi
606 1623 777 1668 Domini
795 1624 1105 1670 reconciliatio,
1126 1623 1385 1667 ibix-emissio
1399 1633 1694 1681 peccatorum,

318 1696 377 1740 ibi
398 1691 596 1736 festivitas
620 1699 661 1731 et
685 1688 910 1746 gratulatio
934 1689 1159 1730 bonorum.

380 1760 434 1801 ll.
470 1756 721 1799 Immolatur
738 1769 838 1811 ergo
862 1754 988 1796 hodie
1012 1755 1080 1796 ille
1107 1755 1304 1796 sacerdos
1327 1769 1528 1810 maguus,
1549 1753 1700 1795 immo-

322 1824 492 1871 laturin
520 1822 628 1864 celsa
654 1834 781 1861 cruce
801 1851 812 1867 ,
839 1819 882 1860 in
905 1820 1024 1861 altari
1049 1820 1214 1861 noviter
1236 1819 1466 1861 constituto
1487 1820 1546 1876 (2)
1563 1851 1572 1867 ‚
1602 1817 1702 1875 quia

324 1888 580 1936 sacrificium
591 1900 748 1927 novum
762 1893 803 1926 ot
816 1884 1095 1940 ἰιιορίιιοῐιιιιι,ι
1121 1892 1267 1926 namet
1285 1885 1371 1942 ipse
1385 1893 1427 1925 et
1441 1882 1702 1926 sacrificium

326 1958 514 2001 fueratct
529 1951 747 1998 sacerdos;
768 1949 1023 1992 sacrificium
1045 1951 1277 1992 seeundum
1302 1964 1473 1991 carnem
1497 1957 1537 1990 et
1554 1949 1705 1991 Sacer-

330 2025 404 2067 dos
432 2018 665 2064 secundum
688 2016 880 2073 spiritum
901 2017 1148 2058 sanctitatis.
1181 2017 1298 2058 Idem
1322 2016 1408 2073 ipso
1435 2015 1642 2056 offerebat
1666 2022 1707 2055 et

333 2086 612 2132 offerebatur:
626 2082 831 2124 offerebat
848 2084 1080 2124 secundum
1093 2083 1304 2140 spiritum,
1322 2080 1708 2139 etjoss'erebaturffi)

335 2152 569 2197 seeundum
604 2163 792 2190 carnem.
828 2148 945 2189 Unde
975 2163 1148 2190 necesse
1174 2156 1264 2189 erat
1288 2149 1401 2205 quod
1420 2148 1508 2204 ipse
1533 2147 1712 2189 haberet

338 2217 508 2275 aliquod
525 2247 535 2263 ,
555 2213 879 2271 quodofferret,
907 2223 1230 2256 sacramentum.
1247 2215 1357 2256 Ecce
1376 2214 1555 2256 sehodie
1572 2212 1711 2261 offert,

338 2285 434 2344 quia
455 2292 496 2325 et
517 2282 606 2340 ipse
627 2281 794 2322 oblatus
817 2282 1048 2323 multorum
1073 2282 1245 2323 abstulit
1267 2275 1466 2339 peccata²
1489 2296 1498 2322 ε
1520 2295 1619 2322 ecce
1644 2279 1713 2321 hic

340 2352 528 2396 oblatus,
554 2347 612 2389 ibi
637 2361 680 2388 se
702 2345 856 2388 obtulit
890 2361 900 2388 :
937 2361 1038 2388 ecce
1074 2348 1289 2403 quomodo
1314 2346 1390 2388 suit
1411 2346 1643 2393 Sacerdos,
1670 2351 1718 2385 ut

340 2416 453 2460 Deus
477 2429 487 2456 2
509 2426 609 2455 ecce
625 2412 842 2468 quomodo
868 2409 946 2453 suit
971 2411 1251 2462 sacrificium,
1278 2420 1324 2454 ut
1345 2412 1488 2454 homo.
1516 2411 1618 2455 Nam
1640 2407 1719 2452 nisi

391 2523 403 2549 ί
424 2525 517 2556 Rom.
530 2532 603 2561 xm,
623 2532 675 2553 12.
693 2539 735 2546 ——
750 2519 766 2543 ²
782 2521 883 2554 Hebr.
899 2532 946 2564 ix,
962 2523 1019 2555 28.

395 2606 553 2650 (1)Deest
567 2605 611 2635 ibi
622 2603 654 2636 in
668 2604 739 2636 cod.
753 2620 800 2628 —
820 2602 870 2648 (α)
894 2603 974 2636 Cod.
989 2604 1021 2635 in
1036 2604 1143 2636 altare
1161 2604 1286 2636 novitur
1298 2603 1514 2636 constitutum.
1538 2621 1583 2629 --
1597 2599 1649 2648 (3)
1668 2602 1718 2637 Id.

350 2663 521 2707 asserebat.
