1868 3301
288 242 380 297 4136
558 253 590 282 s,
638 250 878 282 AueuSTim
917 248 1118 279 nmscom
1157 248 1396 279 Arrmvntx.

288 333 351 365 ter
371 334 539 362 mecum
561 326 679 360 erant
699 326 741 359 et
761 316 850 358 aliae
872 315 1055 357 soeminae
1081 315 1224 356 multae
1248 314 1368 370 quasi
1393 314 1663 373 Unigenitum

288 390 534 446 plangentes
571 384 790 432 eumdem,
831 383 941 423 inter
966 395 1069 436 quas
1104 388 1194 422 erat
1230 379 1356 422 Maria
1393 379 1661 438 Magdalene‚

289 468 380 510 quae
419 466 544 508 super
565 464 735 498 omnes,
761 463 829 490 me
856 454 1031 503 excepta
1052 478 1062 494 ‚
1097 446 1279 488 dolebat,
1326 447 1435 487 Cum
1475 446 1666 490 Christus

289 519 401 562 Deus
419 549 429 565 ‚
451 529 647 574 praecoue
669 515 879 556 clamante
896 545 906 561 ,
928 511 1166 567 imperante
1189 511 1323 553 Pilato
1340 542 1350 558 ,
1372 511 1565 568 bajulans
1587 513 1667 555 sibi

291 597 463 625 crucem
490 582 541 623 ad
564 579 817 637 supplicium
852 577 1124 624 traheretur,
1161 576 1297 618 sactus
1332 584 1395 618 est
1435 592 1667 621 concursus

290 649 545 707 populorum
567 645 761 686 euntium
787 652 880 701 post
902 643 1174 687 eumdem‚et
1193 641 1364 698 quidam
1386 641 1669 698 projiciebant

290 717 426 758 lutum
443 727 568 770 super
590 719 718 768 caput
739 709 830 765 ejus
849 718 892 750 et
916 708 1204 750 immunditias
1223 708 1578 767 blasphemantes,
1600 709 1671 752 Se-

291 781 452 838 quebar
473 793 549 836 ego
573 777 712 835 ipsum
746 774 1012 817 moestissima
1041 781 1175 816 mater
1197 788 1294 816 cum
1315 775 1564 817 mulieribus
1579 789 1671 832 quae

292 854 446 889 secutae
461 844 732 887 fueranteum
757 856 777 882 a
800 840 969 883 Galilaea
993 840 1279 883 ministrantes
1297 841 1458 890 eidem,
1480 856 1501 883 a
1519 840 1673 898 quibus

290 912 485 960 tenebar,
505 923 725 968 quousque
753 915 1004 964 perventum
1028 914 1091 949 est
1114 907 1165 948 ad
1187 907 1330 948 locum
1353 907 1426 949 ubi
1449 905 1675 949 erucifixe-

294 986 396 1020 runt
411 991 508 1019 eum
527 1008 537 1024 ,
562 983 605 1017 et
625 973 737 1016 velut
753 980 919 1015 mortua
942 971 1196 1014 sustinebar.
1222 971 1331 1013 Ante
1353 979 1394 1014 et
1417 972 1504 1030 ipse
1525 971 1675 1014 viden-

291 1053 377 1087 tem
408 1044 467 1098 (1)
490 1056 559 1083 me
579 1039 656 1082 suit
680 1039 722 1081 in
741 1053 869 1082 cruce
887 1039 1066 1086 levatus,
1083 1045 1125 1080 et
1146 1037 1186 1079 in
1200 1037 1314 1095 ligno
1331 1037 1565 1080 durissimis
1586 1038 1675 1080 cla-

292 1110 351 1152 vis
374 1107 522 1151 affixus
539 1107 736 1148 manibus
763 1113 805 1148 et
825 1104 1018 1162 pedibus.
1048 1104 1136 1161 Ego
1160 1103 1306 1146 videns
1324 1118 1423 1146 eum
1445 1104 1678 1161 vidensque

298 1190 367 1217 me
390 1175 496 1231 ipse,
519 1173 744 1230 plusquam
771 1172 823 1213 de
846 1185 890 1213 se
915 1170 1004 1227 ipso
1039 1169 1209 1212 dolebat
1241 1170 1292 1211 de
1323 1184 1392 1212 me
1414 1187 1424 1220 ;
1454 1170 1543 1227 ipse
1577 1183 1678 1212 vero

292 1250 498 1297 tanquam
522 1253 650 1296 agnus
673 1252 817 1279 eoram
857 1237 1060 1279 tondente
1086 1251 1234 1278 vocem
1267 1250 1352 1278 non
1390 1236 1518 1279 dabat
1539 1250 1680 1293 neque

297 1306 573 1364 aperiebatos
591 1318 713 1345 suum
730 1303 739 1324 ⁵
759 1320 769 1351 3
795 1302 1052 1360 aspiciebam
1070 1316 1147 1358 ego
1165 1301 1307 1344 infelix
1317 1309 1360 1343 et
1380 1301 1532 1344 misera
1544 1302 1680 1344 Deum

295 1386 443 1414 verum
476 1369 696 1425 filiumque
733 1382 881 1410 meum
921 1367 1179 1424 pendentem
1202 1367 1243 1407 in
1277 1381 1429 1415 cruce,
1471 1381 1521 1410 ac
1545 1375 1682 1410 morte

293 1436 536 1493 turpissima
559 1434 830 1482 morientem,
846 1432 943 1475 etin
962 1440 1105 1474 mente
1124 1446 1217 1474 mea
1236 1440 1349 1474 tanta
1365 1432 1531 1475 tristitia
1547 1448 1684 1476 versa-

298 1505 426 1546 batur
446 1502 603 1559 pariter
623 1509 665 1542 et
690 1501 812 1542 dolor
844 1500 929 1555 (2),
955 1507 1110 1555 quanta
1143 1499 1344 1555 explicari
1376 1514 1572 1541 sermone
1598 1514 1684 1542 non

298 1576 462 1628 posset;
499 1581 578 1608 nec
603 1566 756 1607 mirum
790 1573 880 1612 est,
903 1564 999 1619 quia
1037 1563 1303 1605 discurrebat
1329 1563 1420 1620 ejus
1449 1565 1619 1622 sanguis
1635 1580 1686 1608 ex

298 1644 480 1694 quatuor
504 1633 694 1691 partibus
712 1664 721 1682 ‚
763 1631 996 1688 rigantibus
1032 1631 1156 1672 undis
1174 1663 1183 1679 ‚
1207 1630 1326 1687 ligno
1349 1632 1546 1674 manibus
1568 1633 1687 1691 pedi·-

298 1703 465 1757 busque
488 1696 678 1740 confixis.
707 1696 768 1738 De
793 1697 910 1737 vultu
950 1694 1060 1737 illius
1084 1695 1221 1736 omnis
1245 1694 1466 1738 effluxerat
1493 1697 1687 1754 pulchri—

304 1768 408 1810 tudo
433 1781 443 1808 :
467 1772 510 1806 et
532 1763 603 1820 qui
623 1761 740 1819 prius
758 1769 847 1803 erat
863 1776 948 1818 prae
972 1759 1067 1802 filiis
1087 1760 1311 1802 hominum
1334 1760 1548 1818 speciosus
1565 1763 1599 1811 ²,
1631 1763 1691 1805 vi-

308 1833 489 1876 debatur
512 1829 709 1872 omnium
733 1828 914 1869 maxime
951 1827 1011 1884 (5)
1038 1825 1493 1870 indecorus.Videham
1517 1830 1632 1886 quod
1647 1829 1690 1872 in

310 1915 360 1943 eo
382 1898 487 1941 illud
519 1894 818 1955 propheticum
848 1893 1103 1951 implebatur
1128 1892 1366 1935 :avidimus
1393 1909 1490 1936 eum
1529 1904 1571 1938 et
1607 1910 1693 1939 non

309 1973 431 2008 »erat
452 1963 490 2005 ei
515 1970 729 2019 aspectus,
758 1975 836 2002 nec
864 1960 1024 2017 species
1042 1993 1052 2008 ,
1080 1973 1159 2001 nec
1178 1957 1384 2007 decor³,»
1404 1961 1500 2016 quia
1528 1962 1693 2005 vultum

312 2032 422 2075 illius
444 2029 704 2071 foedaverant
740 2025 915 2067 verbera
947 2026 1003 2081 (4)
1034 2023 1292 2080 iniquorum.
1335 2025 1416 2066 Iste
1449 2034 1539 2068 erat
1574 2028 1695 2070 dolor

314 2097 522 2141 maximus
539 2127 548 2142 ,
576 2092 674 2150 quia
697 2092 891 2134 videbam
911 2106 981 2133 me
1009 2091 1059 2132 ab
1082 2105 1131 2131 eo
1153 2122 1163 2137 ,
1188 2104 1313 2146 quem
1338 2104 1590 2147 genueram,
1618 2094 1696 2135 de-

318 2164 398 2208 seri
428 2163 508 2219 (5),
541 2175 621 2202 nee
653 2167 877 2216 supererat
916 2158 1043 2206 alius,
1082 2156 1176 2212 quia
1200 2156 1350 2198 unicus
1371 2156 1473 2198 mihi
1504 2167 1607 2201 erat.
1646 2159 1698 2202 Et

317 2232 410 2273 ideo
431 2243 519 2270 non
546 2233 708 2285 poterat
731 2225 772 2266 in
794 2240 862 2266 me
885 2238 1035 2280 capere
1064 2223 1185 2264 dolor
1204 2238 1349 2271 meus3
1376 2238 1457 2265 vox
1479 2238 1571 2266 mea
1609 2224 1697 2267 fere

315 2295 525 2354 perierat;
555 2290 692 2334 omnis
714 2290 924 2332 fundebar
946 2290 987 2330 in
1021 2288 1200 2345 gemitus
1231 2287 1492 2345 suspiriaque
1521 2288 1692 2332 doloris.

320 2359 524 2404 Volebam
559 2356 677 2413 loqui
694 2390 703 2403 ,
733 2356 807 2397 sed
828 2354 948 2396 dolor
976 2353 1102 2395 verba
1128 2353 1376 2410 rumpebat,
1401 2353 1498 2410 quia
1521 2355 1699 2398 verbum

372 2480 381 2501 ¹
403 2477 478 2510 lsai.
498 2487 571 2517 nur,
589 2487 620 2515 ς.
647 2493 687 2498 -
703 2472 719 2495 2
737 2473 821 2507 Psal.
841 2483 928 2510 xmv,
947 2474 978 2504 3.
993 2490 1038 2497 —
1055 2469 1070 2494 3
1086 2472 1164 2508 Isa'i.
1183 2483 1251 2510 mu,
1271 2483 1303 2505 2.

365 2557 516 2605 (1)Cod.
539 2557 674 2590 videns.
691 2572 736 2579 —
756 2553 810 2601 (2)
837 2555 889 2589 Id.
908 2555 1030 2587 dolore.
1050 2572 1093 2580 -ν-
1117 2552 1167 2599 (3)
1194 2556 1290 2586 Deest
1314 2554 1469 2590 maxime.
1502 2556 1534 2589 in
1563 2555 1637 2590 cod·
1656 2573 1702 2582 -—

317 2615 368 2659 (4)
385 2616 464 2649 Cod.
486 2613 765 2654 tnalefoedaverae
776 2609 977 2644 verberibus.
1002 2630 1041 2635 —-
1065 2607 1117 2656 (5)
1134 2610 1183 2643 Id.
1208 2610 1366 2643 deserere,
