1885 3284
345 333 492 362 senno
531 334 722 370 xxxvm,
763 334 818 364 DE
856 334 1069 364 ΡΑεειωιε
1111 337 1269 365 eoum
1314 340 1358 367 ιι.
1459 327 1542 387 ²95>

172 413 430 455 cognoscens
462 400 548 452 (1),
581 408 719 439 amoto
748 400 909 441 cortice
931 400 1079 441 litterre
1102 402 1334 442 ,oceidcsntis
1356 437 1365 451 ,
1388 406 1435 444 ad
1461 409 1545 462 spi-

172 463 332 505 ritualis
352 463 635 519 intelligentiae
653 465 877 506 medullam
896 479 939 506 se
957 466 1168 506 transtulit
1186 483 1196 513 3
1216 469 1442 510 ostendens
1460 486 1548 513 san-

172 528 339 584 guinem
364 528 519 570 Christi
542 529 593 569 ad
622 529 912 571 remission‹·m
934 538 1205 586 peccatorum
1231 562 1241 577 ‚
1270 532 1318 573 ad
1343 536 1548 577 cmunda-

172 594 330 634 tionem
352 593 561 635 scelernm
591 594 762 649 majoris
787 610 876 636 esse
911 594 1111 636 efficaciae
1144 604 1187 636 et
1223 596 1387 639 virtutis
1424 615 1547 655 qnam

173 657 297 699 suerit
320 658 534 699 hircorum
556 666 597 700 et
618 666 834 700 taurorum
859 660 1043 716 sanguis,
1062 660 1131 716 qui
1148 660 1411 704 demandato
1432 664 1551 723 Legis

173 723 316 780 populi
341 723 658 779 inquinamenta
687 724 936 766 mundabat.
981 725 1098 766 Unde
1121 733 1163 766 ct
1184 725 1296 768 idem
1328 728 1554 785 Apostolus

175 789 364 846 ad-jungit
388 805 428 829 :a
448 788 612 830 Sienim
639 791 806 847 sanguis
830 789 1044 831 hircorum
1062 799 1104 832 et
1129 799 1367 842 taurorum,
1393 797 1555 839 etcinis

173 855 321 896 »vituli
355 855 595 910 inquinatos
625 857 850 904 emundat,
880 865 1036 912 quanto
1057 857 1188 931 magis
1209 860 1384 916 sanguis
1411 862 1558 905 Chris-

172 920 232 962 »ti
250 919 261 941 ¹
288 920 338 961 ἴθι)
379 919 634 961 Animalium
656 923 767 962 enim
794 923 992 979 sangnis,
1019 923 1088 978 qui
1117 922 1371 966 effusionem
1397 943 1496 985 san¹
1503 930 1560 971 ui-

171 986 234 1027 nis
253 985 407 1026 Christi
432 986 721 1041 significabat,
742 996 905 1044 poterat
924 987 1126 1044 quidem
1116 1003 1215 1044 inqu
1209 989 1362 1032 inatos
1387 1008 1405 1033 a
1432 994 1557 1051 ΙΓΡΓεε

171 1051 335 1092 macula
352 1051 600 1098 emundare,
628 1060 793 1108 poterat
815 1045 1039 1108 populum
1038 1068 1057 1093 a
1083 1055 1311 1096 malediCto
1333 1056 1452 1114 Legis
1476 1060 1553 1101 ab·

169 1116 356 1163 solvere,
382 1117 454 1156 sed
474 1130 590 1171 pecc
583 1125 744 1157 aterum
771 1117 934 1158 veniam
955 1133 1012 1174 pr
1005 1127 1151 1160 estare
1166 1134 1248 1160 non
1265 1128 1441 1177 poterat.
1472 1124 1555 1167 Sed

169 1180 448 1238 sanguisAgni
468 1181 754 1229 immaculati,
779 1182 848 1238 qui
869 1197 943 1238 per
961 1182 1165 1240 Spiritum
1190 1195 1383 1228 sanctum
1408 1199 1556 1233 semet-

168 1246 303 1303 ipsum
320 1246 408 1288 Deo
435 1245 543 1287 Patri
568 1247 745 1288 hostiam
763 1248 932 1296 obtulit,
953 1250 1076 1289 totius
1095 1251 1242 1291 mundi
1265 1263 1438 1308 peccata
1465 1257 1556 1298 abs-

169 1311 284 1357 tulit,
313 1313 363 1351 ab
385 1311 586 1366 operibus
604 1312 781 1353 mortuis
801 1321 963 1354 nostras
977 1314 1256 1357 conscientias
1281 1320 1548 1370 emundavit,

166 1383 207 1416 et
227 1376 430 1431 populum
465 1388 488 1415 a
525 1376 750 1416 maledicto
776 1375 896 1432 Legis
926 1392 996 1418 seu
1027 1380 1326 1422 maledictione
1353 1383 1544 1429 absolvit.

177 1456 192 1478 α
212 1439 403 1481 Christus
425 1439 536 1480 enim
552 1472 562 1486 ,
589 1440 643 1480 ait
666 1441 908 1496 Apostolus,
925 1456 998 1497 pro
1022 1443 1143 1483 nohis
1171 1445 1443 1489 maledictum
1460 1463 1552 1492 cru-

164 1504 253 1545 »cis
274 1503 408 1546 factus
433 1511 494 1544 est
518 1505 593 1559 (2),
616 1513 662 1545 ut
679 1519 755 1545 nos
781 1507 832 1546 de
854 1507 1080 1549 maledicto
1104 1507 1224 1564 Legis
1248 1509 1446 1554 liberaret
1464 1514 1492 1556 ².
1528 1535 1540 1555 ι

164 1569 284 1611 Unde
306 1569 408 1610 etin
434 1568 559 1624 hujus
581 1569 668 1610 veri
691 1569 884 1611 sacrificii
907 1571 1214 1627 significatione
1238 1576 1413 1617 multae
1404 1594 1444 1619 in
1473 1579 1546 1621 Ve-

161 1635 241 1676 teri
266 1634 535 1676 Testamento
558 1634 704 1675 hostiae
733 1643 829 1676 sunt
862 1635 1037 1683 oblatae,
1076 1646 1122 1678 ut
1151 1637 1299 1680 eflusio
1330 1645 1543 1700 sanguinis

162 1699 317 1742 Christi
341 1714 425 1741 non
448 1707 669 1755 putaretur
692 1699 896 1751 inefficax,
921 1716 1002 1742 non
1026 1702 1240 1744 videretur
1257 1705 1430 1756 inutilis,
1451 1725 1542 1765 quae

160 1765 464 1820 Prophetarum
488 1764 664 1805 vocibus
687 1765 783 1822 low·
772 1780 809 1806 ¹·e
832 1765 967 1807 suerat
987 1775 1082 1809 ante
1101 1769 1323 1824 praedicta,
1345 1781 1386 1813 et
1409 1781 1467 1815 tot
1487 1777 1543 1817 le-

160 1831 322 1887 galibus
345 1829 494 1872 hostiis
523 1830 669 1886 praesic
659 1839 792 1881 nata,
811 1832 987 1872 utnovi
974 1832 1094 1873 sime
1122 1834 1160 1874 in
1184 1833 1266 1875 fine
1285 1839 1534 1883 saeculmum

159 1895 418 1952 prophetia
409 1910 448 1936 in
482 1895 643 1943 lucem,
676 1910 714 1935 u
707 1896 860 1937 vibra
851 1912 890 1938 in
913 1897 1155 1946 venitatem,
1179 1899 1291 1941 Lex
1283 1913 1323 1942 in
1345 1902 1535 1962 Ενῑιῃσθ-

157 1960 261 2001 lium
283 1967 529 2007 verteretur,
547 1967 590 2000 et:
610 1960 833 2017 multiplici
849 1962 1115 2004 victimarum
1136 1972 1320 2006 ueterum
1346 1980 1535 2014 cessante

157 2025 375 2082 mysterio,
393 2024 612 2082 singularis
627 2032 667 2066 et
687 2027 936 2068 novahostia
962 2043 1069 2069 novo
1089 2029 1377 2086 imponeretur
1396 2035 1528 2081 altari.

215 2091 268 2132 Il.
307 2090 408 2132 Inde
430 2099 491 2131 est
513 2091 627 2146 quod
651 2090 691 2131 in
715 2091 841 2147 hujus
862 2108 966 2133 verce
985 2093 1130 2135 hostiae
1157 2094 1498 2153 praefiguratione
1518 2136 1528 2151 ,

157 2157 409 2213 quandoque
445 2156 583 2197 hircus
601 2187 612 2204 ,
638 2158 894 2213 quandoque
918 2158 1070 2200 vitulus
1092 2193 1101 2207 ,
1130 2161 1382 2218 quandoque
1405 2165 1530 2211 vitula

156 2221 247 2263 rufa
268 2222 309 2263 in
335 2221 445 2278 Lege
472 2220 645 2275 jubetur
671 2221 825 2265 offerri.
861 2224 1012 2266 Hircus
1045 2231 1184 2266 autem
1209 2226 1249 2268 in
1272 2227 1525 2285 Scripturis,

156 2286 248 2343 quia
275 2285 537 2327 immundum
559 2293 619 2327 est
642 2287 811 2336 animal,
829 2303 903 2345 pro
918 2298 1097 2346 peccato
1114 2304 1222 2347 saepe
1238 2293 1455 2349 accipitur.
1480 2297 1531 2341 Et

155 2350 347 2394 Christus
365 2366 439 2408 pro
465 2351 584 2393 nobis
602 2351 744 2394 hircus
761 2353 894 2397 sactus
927 2364 1013 2403 est,
1054 2356 1153 2397 dum
1180 2356 1220 2398 in
1255 2358 1530 2407 similitudine

156 2416 296 2460 carnis
319 2417 479 2473 peccati
505 2417 696 2472 apparuit
718 2449 728 2464 ,
756 2426 802 2460 ut
834 2436 849 2457 α
867 2419 927 2461 De
948 2429 1124 2477 peceato
1144 2421 1360 2465 damnaret
1385 2440 1530 2482 pecea-

203 2517 213 2539 ¹
232 2516 336 2550 Hebr.
354 2526 403 2556 1x‚
426 2518 478 2547 13.
495 2533 540 2539 —
556 2514 572 2537 2
590 2515 694 2547 Galat.
715 2527 764 2554 111,
786 2518 838 2551 13.

203 2579 248 2624 (1ss
267 2579 347 2613 Cod.
365 2580 446 2612 male
465 2591 652 2622 cognoscas.
665 2597 712 2604 —
730 2582 779 2625 ¹x2)
798 2582 928 2624 Legitur
951 2584 983 2615 in
1004 2584 1140 2626 Vulgata
1162 2596 1170 2617 ι
1193 2586 1332 2619 Christus
1358 2603 1415 2623 nos
1439 2596 1533 2627 msc.

156 2637 214 2668 mie
231 2637 271 2668 de
288 2636 461 2668 maledicto
475 2636 673 2679 legz'sfactus
684 2648 745 2679 pro
763 2636 856 2670 nobis
873 2641 1094 2674 maledicum,
1112 2642 1271 2673 Sermoni.
1290 2658 1336 2675 .;.n.
1352 2654 1360 2677 ι
1377 2662 1391 2677 ,ς
1419 2663 1423 2677 ς
1442 2651 1516 2679 ξ,ζ,.,-
1530 2669 1544 2677 „

156 2702 281 2724 sensum
300 2693 407 2735 potius
427 2692 596 2735 Scriptum
614 2692 709 2725 affert
727 2705 819 2736 quem
837 2696 900 2726 νδ*
915 2706 943 2728 a.
1486 2688 1495 2695 Δ

1301 2757 1366 2799 113.
