1885 3284
248 386 392 418 SFRMO
429 385 527 426 Lm,
566 386 621 417 DE
660 385 931 418 ASCENSIONE
969 382 1131 414 DOMINI
1168 381 1240 413 111.
1339 381 1427 430 977

63 471 78 492 »
94 451 156 494 via
179 452 318 500 bibet3
344 459 562 509 propterea
583 453 915 510 exaltabitcaput
931 451 961 493 ¹.
977 469 992 489 n
1007 451 1224 493 lnmundo
1240 457 1432 492 erattor-

64 534 159 562 rens
183 518 328 561 mortis
345 518 533 561 defluens
557 535 578 561 a
596 529 770 577 peccato
793 519 916 577 primi
940 517 1144 575 parenti53
1175 517 1225 558 de
1243 516 1322 558 hoc
1347 524 1434 557 tor-

64 594 182 628 rente
204 585 245 627 in
270 584 332 626 via
351 585 565 641 praesentis
602 586 691 628 vitm
716 587 906 628 Salvator
929 583 1084 642 potavit
1113 590 1154 623 et
1179 583 1305 630 bibit,
1333 582 1431 639 quia

64 658 245 694 mortem
267 650 306 692 in
332 650 504 692 transitu
524 652 719 708 gustavit,
741 661 864 708 atque
882 651 994 698 ideo,
1015 647 1431 705 quod(1)m0riendo

65 732 216 774 corpus
232 717 270 758 in
289 718 483 773 sepulcro
503 718 657 774 posuit,
671 718 752 760 hoc
770 718 829 774 (2)
847 716 1102 773 resurgendo
1121 714 1435 772 superAngelos

64 782 275 831 exaltavit;
295 784 445 825 levavit
461 799 586 840 super
597 784 778 841 Angelos
789 781 1243 842 postresurrectionem
1264 795 1434 824 carnem

65 849 174 891 hane
192 850 259 905 (5)
279 881 289 897 ,
309 865 401 906 quae
421 859 516 891 ante
541 851 894 892 resurrectionem
910 857 998 891 erat
1017 847 1282 905 paulominus
1297 846 1438 889 minor

65 913 255 970 Angelis,
279 914 373 970 quia
398 915 604 972 passibilis
619 923 661 958 et
677 916 866 958 mortalis
883 915 1021 957 minor
1037 922 1126 955 erat
1140 929 1151 961 ;
1167 927 1292 969 quam
1312 912 1438 955 hodio

64 979 282 1022 constituit
301 995 426 1036 super
447 995 570 1038 opera
601 977 802 1024 manuum
832 996 1017 1023 suarum.
1046 979 1143 1022 Post
1165 978 1257 1035 ejus
1286 978 1439 1020 consti-

66 1045 270 1088 tutionem
292 1054 333 1088 et
352 1046 670 1095 Ascensionem,
693 1047 840 1105 Angeli
861 1061 943 1088 non
965 1044 1250 1103 permiserunt
1268 1059 1312 1085 se
1333 1045 1442 1086 ado-

65 1111 147 1153 rari
180 1112 231 1153 ab
265 1111 462 1162 homine,
504 1113 692 1156 videntes
716 1113 1025 1155 humanitatem
1070 1111 1111 1152 in
1154 1110 1308 1152 deitate
1350 1124 1441 1151 esse

65 1186 397 1235 permanentem.

123 1242 195 1284 ΙΙΙ.
234 1242 280 1284 In
303 1242 512 1300 principio
535 1242 716 1300 denique
744 1243 894 1286 mundi
918 1242 1075 1286 creavit
1096 1241 1208 1284 Deus
1230 1241 1440 1299 Angelum

65 1306 228 1349 cunctis
254 1308 542 1364 pretiosiorem
566 1317 609 1350 et
625 1308 921 1367 sapientiorem
937 1341 947 1357 ‚
983 1317 1025 1351 et
1048 1306 1220 1364 imagini
1241 1307 1317 1349 Dei
1347 1307 1442 1365 plus

65 1373 338 1416 similabantur.
356 1374 518 1417 Primus
529 1375 851 1417 eniminnovem
866 1375 1083 1418 ordinibus
1102 1381 1206 1422 erat,
1222 1380 1264 1414 et
1277 1372 1443 1415 cunctis

64 1438 234 1496 Angelis
257 1440 451 1496 praelatus
471 1457 480 1488 ;
509 1441 581 1482 scd
614 1441 811 1498 superbia
835 1442 987 1482 ductus
1022 1455 1072 1481 ex
1096 1438 1412 1495 pulchritudine
1431 1470 1443 1489 ‚

66 1504 121 1546 ait
147 1519 188 1545 :a
215 1504 452 1547 Ascendam
473 1506 511 1546 in
537 1507 709 1553 coelum,
730 1514 771 1547 et
792 1521 865 1547 ero
881 1504 1026 1547 similis
1048 1502 1332 1546 Altissim02.»
1346 1503 1446 1546 Plus

65 1570 152 1612 sine
183 1569 311 1612 dubio
333 1570 403 1612 hie
429 1571 644 1628 peccavit,
670 1586 798 1628 qnam
823 1571 950 1613 homo
970 1603 979 1619 ,
1014 1571 1080 1612 vel
1114 1568 1283 1610 foemina
1302 1602 1312 1617 ‚
1348 1567 1445 1625 quia

65 1635 165 1678 licet
191 1636 314 1677 ambo
331 1635 471 1679 forent
486 1638 544 1694 (A.)
570 1637 610 1679 in
626 1637 848 1684 Paradiso,
891 1637 1019 1679 homo
1049 1645 1192 1677 tamen
1224 1634 1447 1677 stimulum

67 1700 234 1750 habuit,
258 1701 353 1759 quia
381 1701 547 1744 foemina
563 1735 573 1752 ‚
598 1718 725 1760 quam
746 1705 867 1745 valde
896 1703 1089 1748 amabat,
1123 1716 1220 1743 eum
1241 1701 1447 1743 instanter

66 1767 239 1824 rogabat
262 1801 271 1816 ,
289 1777 330 1809 et
353 1767 564 1809 soeminam
590 1768 780 1811 similiter
804 1770 982 1811 daemon.
1006 1766 1090 1809 Sed
1110 1766 1295 1822 Angelus
1314 1766 1446 1808 nemi-

67 1849 162 1876 nem
188 1833 257 1890 qui
276 1849 371 1876 eum
398 1842 578 1876 tentaret
603 1834 752 1877 habuit
780 1835 820 1876 in
859 1834 1067 1877 Paradiso.
1111 1833 1258 1888 Itaque
1291 1831 1450 1874 cecidit

68 1898 235 1942 Lucifer
259 1899 309 1941 de
327 1900 433 1941 coelo
451 1931 461 1947 ,
482 1899 636 1941 cecidit
659 1900 921 1957 signaculum
940 1897 1242 1945 similitudinis,
1271 1897 1448 1954 plenum

67 1965 291 2024 sapientia,
317 1973 357 2007 et
379 1980 475 2007 cum
499 1980 549 2008 eo
567 1981 712 2008 omnes
736 1966 812 2023 ipsi
840 1967 896 2021 (5)
928 1965 1254 2007 consentientes.
1273 1964 1333 2006 De
1359 1964 1447 2005 sin-

67 2032 172 2089 gulis
192 2031 373 2089 denique
392 2047 542 2074 novem
567 2032 786 2074 ordinibus
809 2047 903 2088 pars
931 2030 1132 2073 cecidisse
1165 2029 1377 2077 creditur,
1406 2037 1448 2071 et

67 2100 161 2140 loco
180 2098 420 2140 cadentium
442 2097 578 2140 factus
603 2108 665 2140 est
681 2098 809 2140 homo
824 2130 835 2148 ‚
861 2105 907 2139 ut
936 2113 986 2138 ex
1003 2112 1052 2139 eo
1070 2095 1259 2152 undique
1288 2096 1445 2137 coelum

68 2164 314 2220 repleretur.
345 2163 428 2206 Nisi
450 2163 561 2205 enim
586 2173 820 2221 peccasset,
847 2163 976 2205 horno
1001 2163 1060 2218 (6)
1099 2160 1206 2203 filios
1239 2161 1328 2203 sine
1353 2175 1432 2217 pec

68 2237 162 2271 cato
191 2228 429 2276 habuisset,
454 2228 623 2270 soemina
640 2229 728 2271 sine
751 2230 897 2271 dolore
921 2228 1172 2285 peperissem
1199 2241 1282 2268 non
1303 2235 1445 2267 tamen

70 2304 115 2336 ut
137 2303 260 2352 puto,
286 2295 397 2336 velut
424 2295 614 2337 homines
636 2295 830 2352 perfectae
850 2294 983 2336 aetatis
997 2293 1204 2350 sapientes
1224 2308 1234 2342 3
1259 2301 1302 2334 et
1324 2306 1441 2340 mox,

70 2375 166 2402 cum
189 2360 248 2417 (7)
266 2361 406 2419 magni
425 2360 622 2408 fuissent,
639 2361 680 2403 in
696 2361 891 2404 Paradiso
914 2359 1146 2411 stetissent,
1168 2366 1208 2400 et
1227 2356 1334 2400 filios
1353 2357 1443 2400 sine

70 2426 410 2484 concupiscentia
441 2436 735 2483 generassent,
768 2428 818 2470 de
848 2426 1055 2470 fructibus
1085 2423 1268 2467 Paradisi
1295 2438 1417 2466 come

121 2540 130 2563 ¹
148 2540 229 2574 Psal.
249 2551 311 2578 mx,
327 2551 357 2580 7.
373 2557 414 2564 -
435 2536 539 2571 ²1sa'i.
553 2549 618 2577 xiv,
643 2545 698 2576 14.

120 2620 262 2666 (1)Cod.
277 2621 366 2662 quia.
388 2638 433 2644 —
454 2617 505 2663 (α)
525 2619 572 2652 Id.
593 2619 660 2651 sed.
675 2637 720 2645 —
738 2616 787 2664 (3)
805 2622 882 2652 Haec
901 2618 997 2651 verba
1019 2629 1150 2650 carnem
1165 2617 1252 2649 hanc
1269 2616 1384 2649 desunt
1410 2614 1440 2647 in

72 2680 158 2716 cod„
176 2678 231 2722 qui
243 2676 358 2709 deinde
375 2676 455 2708 male
470 2676 568 2708 habet
585 2684 663 2707 ante
682 2676 926 2708 resurreetio.—
939 2674 988 2720 (4)
1006 2677 1104 2707 Deest
1120 2685 1182 2707 vox
1190 2673 1307 2715 forent
1320 2673 1352 2705 in
1367 2671 1440 2706 cod.

73 2753 117 2760 ·-
134 2733 183 2780 (5)
197 2733 278 2767 Cod.
292 2733 363 2768 sibi.
379 2751 424 2757 —
439 2730 488 2777 (6)
507 2733 554 2765 Id.
570 2733 652 2766 male
668 2732 812 2767 omnino.
827 2749 874 2757 —-
887 2730 937 2776 (7)
956 2732 1004 2766 Id.
1022 2740 1102 2766 tam·
