1868 3301
280 289 360 347 385
526 307 560 337 s.
608 307 851 341 auersum
893 310 1101 342 eviscovi
1139 308 1377 343 Appianum

267 372 395 419 scias,
432 387 557 429 quam
595 389 787 432 magnam
822 377 1119 419 abstinentiam
1152 376 1294 419 Patres
1326 378 1456 420 nostri
1480 378 1644 422 habue-

268 447 390 485 runt,
429 447 475 481 ut
511 454 776 496 nequaquam
804 444 922 485 cibos
959 443 1160 484 delicatos
1197 457 1371 498 quaeras.
1409 444 1645 489 Praesertim

268 518 366 546 cum
382 504 422 546 in
442 505 613 562 praefato
636 506 745 548 libro
763 509 814 550 de
831 509 971 565 Moyse
988 508 1198 550 monacho
1215 508 1418 565 scriptum
1435 510 1510 558 sit,
1534 512 1649 568 quod

263 586 336 625 per
358 586 490 612 unum
513 586 670 614 annum
695 576 990 616 tantummodo
1011 589 1162 632 panem
1186 575 1442 627 comederit,
1471 584 1514 617 et
1540 578 1648 619 mul-

268 644 358 678 tum
383 651 488 694 opus
516 637 671 680 fecerit.
707 638 787 681 Sex
810 655 911 681 vero
941 641 1059 682 annis
1077 655 1153 697 per
1175 646 1310 682 totam
1334 649 1506 683 noctem
1537 651 1650 684 stans

267 702 426 750 oravit,
463 717 599 759 neque
633 719 768 761 genua
807 705 1048 754 inclinavit,
1088 720 1226 762 neque
1256 707 1403 748 oculos
1436 707 1476 748 in
1501 721 1650 749 somno

271 768 433 809 clausit.
467 768 643 826 Insuper
675 770 800 812 etiam
833 779 1030 813 notanter
1062 771 1270 813 circuibat
1297 772 1470 813 cellulas
1502 787 1651 815 mona-

269 833 448 876 chorum
467 865 475 881 ,
496 843 538 876 et
564 836 732 893 lagenas
752 836 1015 892 singulorum
1040 852 1146 893 aqua
1167 837 1386 894 implebat,
1412 853 1508 880 cum
1528 839 1651 896 longe

272 908 343 941 aut
368 900 513 942 decem
530 934 540 949 ,
565 910 635 942 aut
661 901 827 958 viginti,
853 912 922 944 aut
943 903 1111 960 triginta
1141 902 1248 944 forte
1274 903 1417 944 stadiis
1442 919 1545 960 aqua
1567 919 1652 946 ma·

271 973 388 1006 naret
410 966 460 1006 ab
483 966 568 1013 eis;
595 966 665 1022 qui
690 967 789 1008 licet
808 968 862 1009 ita
886 970 1078 1010 domaret
1096 983 1274 1025 corpus.
1302 969 1486 1026 priorem
1508 978 1652 1012 tamen

271 1031 554 1073 valetudinem
577 1047 661 1075 non
687 1033 836 1076 amisit.
868 1035 966 1077 Haec
986 1035 1187 1076 miracula
1212 1035 1376 1076 assidue
1399 1035 1516 1092 lege,
1536 1050 1653 1079 sanc-

271 1097 432 1140 tissima
458 1100 604 1146 Mater,
630 1108 672 1140 et
693 1114 769 1156 per
792 1101 877 1142 baec
906 1116 1002 1142 cum
1030 1101 1104 1143 Dei
1128 1100 1338 1157 adjutorio
1366 1101 1407 1142 in
1431 1100 1651 1144 abstinen-

278 1164 332 1206 tia
360 1164 421 1219 (ι)
442 1163 650 1221 proficere
674 1166 808 1208 stude.
839 1166 933 1209 Non
956 1167 1084 1209 simus
1107 1167 1239 1225 parati
1264 1167 1313 1208 ad
1337 1167 1477 1208 omnia
1496 1181 1652 1210 eoncu-

281 1230 508 1288 piscenda;
533 1231 770 1273 recolamus
794 1233 1096 1274 continentiam
1120 1232 1229 1274 beati
1253 1231 1436 1275 Zenonis
1469 1233 1646 1275 abbatis.

281 1296 420 1339 Abhas
438 1296 583 1339 Zenon
608 1297 828 1340 ambulans
847 1298 1070 1355 aliquando
1088 1299 1128 1340 in
1145 1299 1380 1347 Palaestina,
1403 1313 1499 1340 cum
1530 1299 1651 1341 labo-

281 1371 433 1413 rasset,
459 1362 613 1403 resedit
636 1371 682 1404 ut
713 1364 992 1406 manducaret
1028 1365 1067 1406 in
1102 1364 1419 1411 cucumerarim
1452 1365 1655 1407 suadebat

276 1436 416 1470 autem
446 1427 484 1468 ei
508 1427 671 1469 animus
700 1444 799 1471 suus
821 1430 1001 1472 dicendo
1027 1445 1069 1471 :a
1100 1430 1217 1473 Tolle
1240 1430 1315 1471 tibi
1351 1445 1481 1471 unum
1510 1431 1561 1471 de
1585 1446 1655 1472 cu-

245 1521 247 1523 ·
279 1493 524 1536 cumeribus
543 1502 583 1534 et
600 1496 822 1536 manduca.
841 1513 855 1533 »
871 1495 954 1546 Qui
972 1495 1194 1553 increpans
1218 1495 1516 1551 cogitationem
1537 1511 1655 1537 suam

277 1559 446 1601 dicebat
469 1557 546 1599 sibi
570 1558 646 1616 ipsi
673 1575 681 1600 :
704 1577 720 1597 «
741 1559 873 1601 Fures
898 1562 949 1602 ad
967 1570 1175 1602 tormenta
1195 1562 1378 1608 vadunt;
1406 1562 1537 1616 proha
1555 1577 1654 1619 ergo

280 1632 319 1665 te
342 1623 479 1680 ipsum
503 1623 544 1664 in
568 1624 648 1665 hoc
668 1657 677 1671 ‚
703 1624 736 1665 si
757 1633 876 1681 potes
899 1625 1075 1667 sufferre
1100 1634 1323 1667 tormenta.
1360 1645 1372 1663 ι)
1401 1625 1452 1667 Et
1477 1641 1654 1668 consur-

281 1704 381 1747 gens
402 1689 517 1730 stetit
541 1689 581 1730 iu
605 1690 755 1731 ardore
779 1690 876 1733 solis
891 1691 1038 1734 diebus
1062 1691 1268 1748 quinque,
1289 1700 1330 1733 et
1353 1691 1520 1733 dicebat
1548 1707 1589 1734 z«
1614 1693 1655 1733 Si

278 1756 471 1798 ardorem
496 1754 592 1796 solis
616 1769 698 1797 non
728 1770 896 1812 possum
921 1756 1097 1799 sufferre
1114 1791 1124 1805 ‚
1154 1758 1367 1814 quomodo
1384 1756 1561 1799 sufferre
1579 1773 1652 1815 po-

278 1831 368 1865 tero
399 1821 537 1878 ignem
569 1821 813 1863 aeternumi'
849 1842 864 1862 »
900 1823 951 1865 Et
989 1824 1156 1866 dicebat
1188 1825 1239 1866 ad
1276 1824 1460 1865 animum
1500 1839 1653 1865 suum:

288 1907 303 1927 α
323 1888 364 1931 Si
391 1902 474 1930 non
497 1896 616 1945 potes
639 1896 807 1944 portare
832 1890 1024 1932 ardorem
1048 1890 1145 1932 solis
1164 1924 1173 1939 ‚
1196 1891 1280 1932 sive
1309 1897 1517 1931 tormenta
1536 1922 1546 1937 ,
1573 1905 1656 1932 non

278 1955 414 2011 rapias
438 1968 711 1996 cucumerem
742 1963 789 1997 ut
816 1957 1061 1999 manduces.
1091 1975 1106 1995 n
1134 1955 1268 1998 Verba
1293 1956 1419 2012 igitur
1446 1955 1550 1997 tanti
1576 1956 1656 1997 viri

280 2020 548 2063 considerare
571 2035 646 2062 nos
665 2021 894 2064 admonent
923 2023 1003 2079 (2),
1031 2030 1237 2079 quantum
1261 2022 1311 2063 ab
1336 2022 1463 2078 ipsius
1487 2037 1657 2064 conver·

279 2085 439 2128 satione
461 2086 585 2143 longe
609 2086 823 2130 distemus.
848 2088 1119 2147 Quapropter
1136 2103 1431 2146 praeponamus
1452 2097 1654 2144 peccato-

280 2166 345 2194 res
367 2166 443 2193 nos
470 2160 511 2193 et
542 2150 731 2194 infirmos
762 2168 852 2196 esse
876 2154 918 2195 in
942 2154 1258 2212 comparatione
1283 2162 1525 2195 sanctorum
1549 2154 1657 2196 viroa

281 2231 390 2270 rum,
416 2225 460 2259 ut
481 2216 685 2275 nosipsos
708 2233 759 2260 ex
782 2219 949 2261 illorum
980 2219 1138 2262 meritis
1172 2219 1467 2277 despicientes,
1493 2220 1557 2276 pia
1582 2221 1656 2263 Dei

283 2281 587 2332 misericordia,
614 2299 760 2326 eorum
786 2285 1045 2327 consortium
1080 2285 1237 2328 habere
1269 2286 1489 2343 possimus.
1532 2286 1658 2337 Quod

282 2356 421 2389 autem
443 2364 529 2391 non
547 2359 711 2392 tantum
729 2351 772 2393 in
793 2352 908 2400 cibo,
937 2353 1010 2394 sed
1032 2352 1075 2393 in
1099 2351 1189 2394 visu
1219 2352 1272 2394 sit
1296 2351 1564 2394 Continentia
1589 2367 1657 2393 ne-

282 2414 483 2462 cessaria.
516 2431 695 2473 sequens
717 2418 969 2461 miraculum
994 2425 1136 2474 aperte
1159 2417 1357 2459 insinuat.

345 2479 447 2522 Pion
473 2490 613 2524 autem
633 2497 730 2525 cum
751 2485 801 2526 de
822 2484 948 2526 domo
971 2483 1099 2541 patris
1123 2484 1175 2525 ad
1190 2482 1463 2540 philosophiae
1481 2496 1655 2524 conver-

289 2545 495 2589 sationem
518 2548 673 2598 exiret,
705 2549 898 2607 promisit
929 2548 1107 2591 Domino
1130 2550 1297 2593 nullum
1318 2548 1655 2606 propinquorum

332 2658 381 2701 (ι)
397 2659 477 2695 eod.
499 2660 579 2693 male
594 2660 682 2693 addit
700 2670 758 2696 est.
781 2680 822 2687 -
843 2658 897 2708 (2)
914 2661 964 2696 Id.
986 2662 1153 2695 admonet.
