1868 3301
288 272 420 307 mmm
460 273 516 304 nn
553 273 755 304 ominus
788 272 1086 316 vnvrunnus,
1123 276 1217 309 mc.
1365 265 1459 328 493

83 340 166 395 nit,
196 349 239 384 et
269 340 537 399 pertransivit
561 340 770 386 admirans
793 341 908 398 quod
931 355 1055 383 nemo
1077 357 1265 399 egressus
1287 353 1395 387 esset
1418 346 1459 389 in

84 420 310 451 occursum
341 405 459 460 ejus3
489 414 530 447 et
564 405 716 447 iterum
745 421 935 448 reversus
960 407 1011 448 ad
1034 408 1182 449 cellam
1205 409 1296 462 ejus
1322 411 1462 467 pulsa-

85 471 160 517 bat
181 471 324 521 dicens
347 470 456 522 inter
479 486 521 512 se
547 486 555 511 ε
579 489 592 508 α
620 471 747 512 Forte
766 471 837 527 qui
862 472 901 513 in
920 486 966 512 ea
986 470 1147 514 habitat
1169 472 1420 517 infirmatur.
1441 496 1455 515 »

87 535 279 589 Quicum
294 535 502 592 pulsasset
517 536 704 583 intravit,
730 544 770 578 et
794 536 952 578 invenit
970 551 1066 578 eum
1082 538 1206 579 nimis
1228 538 1460 592 infirmum,

85 609 128 643 et
148 600 252 645 dixit
272 602 338 642 ei:
370 618 384 639 u
405 600 517 652 Quid
544 601 674 642 habes
691 634 699 647 ‚
733 600 886 658 pater?
907 620 922 640 n
945 602 996 643 Et
1022 602 1108 658 ipse
1130 605 1314 646 narravit
1335 606 1372 648 ei
1398 606 1463 648 di-

88 681 188 708 cens
212 681 256 707 :⁸
287 666 373 723 Ego
411 666 624 708 saecularis
653 666 746 708 vitae
780 666 838 708 sui
857 701 867 716 ,
891 676 934 710 ct
955 668 1154 710 sollicitat
1177 684 1244 711 me
1269 670 1463 715 inimicus

89 732 141 774 de
165 746 295 773 uxore
317 745 439 779 mea;
467 739 507 772 et
539 731 701 773 narravi
734 730 844 774 hanc
876 733 1153 776 tentationem
1182 736 1396 790 patribus,
1425 746 1467 780 et

88 795 168 854 ipsi
189 796 486 854 imposuerunt
507 796 610 838 mihi
635 811 763 838 onera
791 797 974 850 diversa,
1001 807 1043 840 et
1066 813 1164 844 cum
1191 799 1366 856 implere
1388 800 1469 844 vel-

88 862 173 904 lem
199 861 313 918 jussa
342 876 489 904 eorum
508 894 519 910 ,
557 861 691 903 defeci
724 869 766 903 ct
789 870 929 905 tamen
952 863 1146 906 stimulus
1169 866 1313 908 crevit.
1335 884 1351 904 η
1382 866 1467 909 Au·

90 926 209 970 diens
228 935 370 969 autem
393 927 486 969 haec
509 942 636 969 senex
660 927 933 970 contristatus
957 937 1041 978 est,
1063 937 1105 971 et
1133 930 1235 971 dixit
1255 945 1264 972 :
1293 949 1307 968 «
1326 931 1469 975 Patres

92 1001 135 1037 et
154 991 345 1049 magistri
366 992 477 1034 bene
498 993 572 1035 tibi
596 993 888 1049 imposuerunt
914 1009 1063 1043 onera,
1092 995 1246 1051 quibus
1267 997 1467 1053 gravarIs,

91 1059 166 1102 sed
186 1058 220 1100 si
243 1073 312 1101 me
335 1073 487 1115 parum
517 1059 662 1101 audire
689 1060 897 1110 volueris,
930 1059 1014 1102 cito
1048 1061 1233 1104 invenies
1261 1063 1465 1119 requiem.

92 1123 222 1167 Sume
253 1139 403 1182 parum
438 1124 521 1166 cibi
550 1125 608 1180 (1)
647 1125 687 1166 in
714 1134 903 1181 tempore
934 1141 1036 1173 suo,
1062 1135 1104 1168 et
1123 1128 1342 1184 recolliges
1364 1129 1472 1171 vires

94 1197 212 1238 tuas,
240 1193 283 1231 et
300 1189 428 1231 facies
451 1190 758 1246 aliquantulum
782 1206 886 1247 opus
906 1190 1006 1239 Dei,
1032 1199 1073 1233 ct
1093 1191 1205 1247 jacta
1227 1193 1268 1234 in
1290 1194 1472 1236 Domino

93 1255 328 1312 cogitatum
352 1263 473 1297 tuum
489 1288 498 1304 ,
525 1256 620 1312 quia
645 1256 725 1297 tuis
743 1256 958 1298 laboribus
982 1257 1090 1299 hanc
1113 1258 1472 1315 impugnationem

93 1334 180 1364 non
208 1320 366 1377 poteris
391 1336 604 1378 superare.
635 1321 798 1378 Corpus
820 1321 933 1363 enim
959 1331 1149 1364 nostrum
1173 1333 1235 1366 est
1253 1326 1365 1366 velut
1386 1340 1474 1368 ves-

94 1385 336 1429 timentum.
368 1385 410 1428 Si
439 1401 539 1428 cum
565 1386 823 1429 discretione
845 1388 1113 1437 tractaveris,
1140 1390 1293 1439 stabit3
1322 1391 1356 1433 si
1374 1405 1473 1433 vero

95 1451 184 1493 sine
209 1450 465 1493 discretione
491 1452 630 1493 omnia
661 1453 820 1507 egeris,
854 1467 939 1493 non
971 1453 1110 1495 stabit.
1137 1472 1151 1492 »
1175 1455 1259 1506 Qui
1283 1469 1381 1497 cum
1407 1471 1476 1498 au-

72 1538 74 1541 >
98 1515 226 1559 disset
257 1530 356 1557 eum
372 1549 384 1565 ‚
410 1516 510 1558 fecit
541 1517 650 1562 sicut
673 1518 856 1565 dixerat,
887 1525 930 1559 et
955 1518 1128 1559 recessit
1151 1520 1344 1562 stimulus
1365 1520 1470 1577 ejus.

97 1581 216 1624 Hanc
239 1589 380 1628 autem
407 1583 656 1624 sententiam
680 1583 774 1624 ideo
800 1582 912 1625 volui
935 1583 1121 1625 scribere
1143 1584 1186 1626 in
1209 1585 1287 1627 isto
1310 1587 1474 1636 ordine,

99 1646 196 1704 quia
228 1661 322 1703 quae
340 1647 532 1705 superius
565 1648 795 1695 admonui,
825 1647 870 1689 id
887 1656 978 1696 est,
1016 1648 1253 1699 silentium,
1286 1651 1474 1701 nuditas,

101 1710 372 1760 abstinentia,
413 1711 686 1769 corporisque
716 1712 933 1769 castigatio
967 1727 1066 1755 cum
1101 1713 1355 1758 discretione
1382 1725 1479 1759 sunt

103 1777 276 1834 agenda.
312 1775 521 1818 Discretio
553 1778 666 1818 enim
697 1792 818 1826 vera,
850 1793 1001 1834 magna
1022 1778 1153 1821 virtus
1176 1788 1262 1828 est,
1286 1782 1382 1837 quia
1404 1797 1480 1840 per

102 1842 235 1900 ipsam
262 1843 374 1884 mala
407 1842 689 1891 declinantur,
720 1851 762 1885 et
790 1843 898 1885 bona
929 1852 1158 1886 servantur.
1190 1845 1356 1888 Bonum
1379 1862 1479 1904 ergo

103 1922 208 1965 opus
247 1907 338 1950 sine
372 1907 628 1949 discretione
665 1923 754 1950 esse
785 1923 871 1950 non
906 1917 1074 1965 potest;
1121 1910 1321 1953 discretio
1362 1912 1480 1955 enim

104 1981 168 2015 est
187 1980 322 2015 mater
354 1973 543 2029 omnium
568 1973 786 2015 virtutum.
826 1974 1097 2031 Quapropter
1121 1984 1236 2017 tuam
1253 2010 1262 2025 ‚
1283 1992 1306 2018 o
1327 1978 1476 2027 Mater,

106 2040 253 2082 hortor
283 2039 578 2088 dilectionem,
614 2049 659 2082 ut
686 2040 827 2081 omnia
857 2055 953 2087 cum
981 2041 1235 2084 discretione
1260 2043 1410 2092 facias,
1435 2055 1482 2088 ut

107 2120 186 2147 nec
218 2105 270 2147 ad
306 2106 548 2153 dexteram,
587 2119 665 2147 nec
705 2106 757 2146 ad
794 2105 1003 2146 sinistram
1029 2121 1223 2154 corruas,
1251 2109 1360 2150 sicut
1382 2110 1484 2152 dicit

109 2169 334 2228 Apostolus
355 2185 396 2211 :«
420 2169 507 2213 Nec
546 2185 744 2227 prospera
783 2178 823 2211 te
859 2171 1046 2218 elevent,
1076 2186 1153 2212 nec
1187 2173 1358 2214 adversa
1387 2189 1484 2215 con-

108 2234 351 2278 »turbent¹.
375 2253 389 2273 »
417 2235 477 2276 De
509 2234 588 2276 hac
621 2235 746 2276 etiam
772 2235 1035 2276 discretionis
1061 2237 1213 2277 virtute
1242 2237 1421 2280 habetur
1442 2239 1482 2282 in

110 2302 192 2344 vita
211 2301 398 2343 Patrum.
422 2300 534 2341 Dixit
565 2301 691 2341 abbas
709 2300 937 2349 Antonius,
958 2302 1070 2357 quod
1088 2310 1183 2342 sunt
1200 2302 1368 2358 quidam
1389 2315 1486 2346 con-

108 2375 293 2409 terentes
320 2380 497 2423 corpora
521 2366 653 2407 suain
679 2367 950 2414 abstinentia,
973 2376 1014 2408 et
1031 2366 1125 2423 quia
1145 2383 1227 2409 non
1246 2367 1486 2411 habuerunt

111 2429 410 2473 discretionem
429 2462 440 2483 ‚
476 2431 600 2488 longe
630 2429 728 2472 sacti
759 2439 856 2474 sunt
884 2446 904 2473 a
927 2431 1029 2474 Deo.
1067 2430 1321 2490 Supervenit
1347 2443 1485 2477 autem

162 2540 174 2564 ¹
191 2541 269 2572 ΗΜ
286 2538 372 2583 apud
390 2539 581 2582 Apostolum
602 2548 667 2571 non
685 2540 803 2572 inveni.

163 2620 214 2667 (1)
237 2619 319 2654 Cod.
338 2619 453 2653 cibum.
