1868 3301
392 372 519 402 Linea
560 372 612 402 οε
649 371 850 402 omnious
888 370 1172 411 vinTurinos,
1212 373 1306 403 iere.
1416 359 1509 404 515

140 452 235 480 mus
274 438 507 495 Imperator
540 439 664 480 etiam
703 437 814 480 hanc
857 436 1126 480 traditionem
1154 439 1334 495 gratanti
1370 440 1509 484 animo

140 503 392 560 suscipiens,
416 503 679 544 remandavit
702 503 846 545 dicens
868 519 908 544 :a
927 503 1019 545 Non
1044 504 1227 545 audaciae
1253 519 1376 545 causa
1399 505 1510 547 inter

140 569 349 610 cancellos
368 569 518 616 mansi,
534 569 605 609 sed
624 568 664 609 in
676 568 1140 624 Constantinopolitana
1155 569 1260 610 urbe
1279 569 1387 612 hanc
1407 585 1510 612 con-

141 633 409 674 suetudinem
432 648 521 675 esse
545 633 738 690 cognovi,
766 634 878 675 unde
906 648 981 691 ago
999 633 1150 691 gratias
1173 649 1248 690 pro
1267 634 1512 691 hujusmodi

139 696 362 738 medicina.
389 698 522 747 Quam
541 697 635 753 quia
659 698 728 739 tali
750 707 792 739 et
823 706 937 741 tanta
963 697 1114 740 virtute
1132 707 1172 740 et
1191 699 1344 742 Praesul
1367 708 1408 743 et
1429 701 1514 742 Im-

139 762 560 817 peratorclarebant!
581 762 858 819 Egonamque
882 763 1100 819 utriusque
1117 778 1222 821 opus
1242 765 1429 807 admiror
1449 768 1508 824 (1)

141 826 248 868 illius
272 825 489 875 fiduciam,
510 827 633 882 hujus
652 835 790 869 autem
814 829 1117 880 obedientiam,
1146 829 1188 871 id
1208 838 1291 877 est,
1314 830 1514 875 fiduciam

139 892 394 940 sacerdotis,
429 900 470 933 et
498 893 783 935 obedientiam
816 894 1113 952 imperatoris;
1141 896 1250 937 illius
1276 897 1352 938 zeli
1377 897 1515 939 servo-

139 972 244 1006 rem,
271 956 481 1013 hujnsqne
503 956 599 999 fidei
622 958 866 1015 puritatem,
897 960 939 1001 id
959 969 1021 1002 est
1043 961 1119 1002 zeli
1150 960 1358 1004 servorem
1388 963 1428 1004 in
1454 979 1518 1005 sa-

139 1022 336 1070 cerdote,
376 1019 474 1063 fidei
507 1023 735 1078 puritatem
771 1023 813 1064 in
848 1038 959 1081 rege.
994 1024 1128 1081 Igitur
1160 1041 1211 1068 ex
1246 1025 1328 1069 hoc
1361 1043 1515 1085 opere,

140 1085 253 1142 quod
273 1100 386 1128 nune
408 1094 471 1128 est
493 1094 708 1128 narratum
725 1120 736 1136 ,
762 1088 885 1129 datur
907 1089 1108 1147 intelligi,
1133 1091 1248 1146 quod
1276 1100 1415 1150 potest
1438 1108 1515 1135 nos

139 1151 348 1200 excitare,
376 1167 400 1192 o
430 1152 690 1194 sanctissima
726 1153 892 1210 deoque
911 1153 1048 1196 dicata
1078 1155 1227 1205 Mater,
1259 1157 1299 1198 in
1325 1160 1515 1201 custodia

139 1219 368 1260 multarum
392 1218 610 1260 virtutum.
636 1218 736 1261 Haec
768 1219 896 1276 igitur
917 1220 1145 1267 Theodosii
1179 1222 1516 1266 christianissimi

140 1283 360 1340 principis,
391 1292 433 1325 et
459 1284 689 1326 beatissimi
719 1284 930 1340 pontificis
961 1287 1176 1329 eontentio
1201 1297 1345 1331 sancta
1365 1305 1517 1347 provo-

141 1357 208 1390 cat
223 1348 441 1391 bominem
461 1349 513 1390 ad
528 1350 779 1406 sperandam
797 1348 973 1392 Veniam
992 1359 1282 1409 peccatorum.
1306 1354 1443 1406 Quam
1460 1357 1516 1412 (2)

138 1415 319 1456 maxima
356 1429 457 1456 cura
499 1415 610 1457 hanc
647 1416 969 1459 contentionem
1004 1418 1080 1460 tibi
1127 1420 1314 1462 scribere
1353 1422 1511 1464 studui.

139 1479 347 1522 Provocat
369 1480 482 1521 enim
505 1481 562 1534 (5)
588 1479 858 1531 charitatem,
883 1481 1185 1532 humilitatem,
1209 1485 1520 1529 obedientiam-

138 1560 221 1602 que
245 1545 488 1587 sectandam
507 1576 518 1593 ‚
555 1560 657 1601 quas
681 1545 856 1588 virtutes
878 1546 917 1588 in
942 1547 1152 1606 principio
1173 1549 1300 1606 hujus
1326 1553 1520 1593 admoni-

139 1609 263 1652 tionis
285 1618 368 1652 tuae
391 1609 607 1652 dilectioni
627 1613 929 1653 commendare
953 1613 1110 1655 curavi.
1137 1614 1199 1656 De
1218 1614 1371 1671 quibus
1394 1617 1521 1674 igitur

138 1675 364 1717 vii-tutibus
386 1682 426 1717 te
450 1675 492 1716 in
514 1674 723 1732 principio
742 1675 869 1732 hujus
892 1675 1196 1720 exhortationis
1220 1681 1447 1729 admonui,
1469 1683 1520 1724 de

140 1741 238 1798 ipsis
256 1749 296 1782 te
318 1749 361 1782 et
388 1740 429 1781 in
451 1738 535 1781 fine
556 1754 808 1781 commoneo
830 1774 839 1788 ,
869 1748 1077 1797 quatenus
1101 1743 1266 1785 bonum
1292 1747 1405 1801 quod
1431 1761 1520 1788 coe-

139 1806 259 1863 pisti,
278 1812 596 1862 perseveranter
612 1803 818 1861 perficias.
847 1805 951 1847 Nam
987 1806 1050 1861 (4)
1072 1815 1300 1864 utrumque
1324 1824 1397 1851 cor
1418 1811 1519 1867 lapi-

141 1871 266 1912 deum
301 1870 354 1911 ad
384 1870 593 1925 lacrymas
624 1868 891 1925 perssuendas
934 1871 1039 1925 (sie)
1079 1870 1252 1919 incitat,
1288 1882 1329 1914 et
1362 1877 1413 1916 ad
1441 1877 1517 1917 zeli

140 1936 362 1979 fervorem.
397 1934 614 1990 Deprecor
640 1948 737 1976 vero
762 1934 1030 1976 dilectionem
1056 1945 1170 1978 tuam
1188 1969 1198 1985 ‚
1238 1948 1282 1979 ut
1304 1939 1417 1982 hunc
1445 1957 1515 1984 ac-

141 2010 256 2050 tum,
281 2015 329 2042 ac
351 1999 656 2042 sanctissimam
688 2000 981 2056 poenitentiam
1018 2001 1192 2058 piissimi
1222 2004 1423 2062 principis
1441 2040 1450 2057 ‚
1475 2018 1516 2050 et

142 2069 280 2110 zelum
312 2064 563 2106 sanctissimi
597 2063 809 2120 pontificis
847 2064 998 2107 crebro
1035 2068 1168 2123 legas,
1209 2068 1304 2123 quia
1340 2085 1514 2129 magnus

142 2133 354 2192 profectus
383 2131 499 2172 latet.
536 2128 580 2171 Si
611 2130 751 2187 itaque
778 2146 852 2181 ea,
881 2147 973 2188 quae
995 2140 1077 2174 tuce
1099 2133 1309 2176 sanctitati
1340 2140 1512 2195 scripsi,

143 2196 468 2257 prudentissima
490 2194 637 2243 Mater,
673 2194 880 2252 perficere
908 2212 1034 2253 opere
1070 2198 1226 2254 poteris
1242 2232 1252 2247 ,
1277 2209 1319 2242 et
1343 2217 1515 2258 prorsus

146 2273 241 2306 ante
274 2260 414 2304 omnia
449 2260 546 2301 vitia
576 2261 810 2317 repuleris,
844 2270 887 2303 et
922 2277 1013 2318 quae
1043 2263 1084 2304 in
1117 2262 1196 2306 hae
1228 2267 1515 2314 admonitione

144 2335 375 2371 narrantur
391 2327 502 2368 bona
525 2326 739 2368 custodire
759 2328 939 2369 volueris
951 2361 962 2380 ,
994 2328 1099 2370 scito
1120 2330 1233 2386 quod
1255 2331 1337 2374 tuis
1360 2334 1518 2379 viribus

146 2395 238 2436 haec
268 2407 354 2435 non
389 2391 542 2439 facies,
576 2392 652 2434 sed
687 2392 758 2434 illo
790 2392 998 2450 aspirante
1031 2402 1072 2436 et
1104 2395 1353 2451 adjuvante,
1379 2403 1515 2458 quiin

147 2459 374 2517 Evangelio
390 2458 492 2502 dicit
510 2473 519 2500 :
537 2457 666 2500 «Sine
688 2473 754 2502 me
775 2459 879 2502 nihil
901 2461 1117 2518 potestatis
1138 2461 1321 2514 facere¹;
1344 2485 1359 2505 n
1374 2476 1416 2510 et
1434 2485 1516 2511 non

196 2571 208 2594 ¹
226 2571 323 2603 joan.
343 2578 396 2612 xv,
421 2570 453 2603 5.

195 2659 246 2704 (ι)
276 2658 357 2696 eod,
384 2657 568 2690 admirans.
589 2675 633 2682 —
652 2659 700 2700 ζα)
733 2659 781 2691 td.
809 2659 830 2690 6
851 2672 950 2702 quam
966 2688 976 2704 ‚
1011 2669 1042 2696 et
1057 2662 1174 2696 deinde
1193 2677 1307 2702 mmm
1331 2687 1371 2692 -
1392 2668 1443 2713 (3)
1472 2672 1523 2705 ω,

151 2715 264 2751 etiam.
282 2733 328 2740 -
346 2713 396 2758 (4)
413 2715 462 2747 Id.
480 2713 595 2746 iterum
613 2715 724 2746 etiam.

1281 2778 1356 2824 33.
