<?xml version="1.0" encoding="UTF-8"?>
<!DOCTYPE html PUBLIC "-//W3C//DTD XHTML 1.0 Transitional//EN"
    "http://www.w3.org/TR/xhtml1/DTD/xhtml1-transitional.dtd">
<html xmlns="http://www.w3.org/1999/xhtml" xml:lang="en" lang="en">
 <head>
  <title>
</title>
<meta http-equiv="Content-Type" content="text/html;charset=utf-8" />
  <meta name='ocr-system' content='tesseract 3.04.00' />
  <meta name='ocr-capabilities' content='ocr_page ocr_carea ocr_par ocr_line ocrx_word'/>
</head>
<body>
  <div class='ocr_page' id='page_1' title='image "./p2operaomniaaccu24auguuoft_0088.png"; bbox 0 0 1885 3284; ppageno 0'>
   <div class='ocr_carea' id='block_1_1' title="bbox 401 301 1787 2339">
    <p class='ocr_par' dir='ltr' id='par_1_1' title="bbox 406 301 1371 363">
     <span class='ocr_line' id='line_1_1' title="bbox 406 301 1371 363; baseline -0.005 -17"><span class='ocrx_word' id='word_1_1' title='bbox 406 301 463 363; x_wconf 81' lang='lat'>78</span> <span class='ocrx_word' id='word_1_2' title='bbox 810 316 842 343; x_wconf 67' lang='lat' dir='ltr'>S.</span> <span class='ocrx_word' id='word_1_3' title='bbox 889 313 1131 342; x_wconf 63' lang='lat' dir='ltr'>Aucus&#39;riNr</span> <span class='ocrx_word' id='word_1_4' title='bbox 1169 312 1371 341; x_wconf 70' lang='lat' dir='ltr'>Episcopi</span> 
     </span>
    </p>

    <p class='ocr_par' dir='ltr' id='par_1_2' title="bbox 402 376 1787 1430">
     <span class='ocr_line' id='line_1_2' title="bbox 405 376 1778 444; baseline -0.004 -20"><span class='ocrx_word' id='word_1_5' title='bbox 405 382 629 437; x_wconf 75' lang='lat' dir='ltr'>Christus,</span> <span class='ocrx_word' id='word_1_6' title='bbox 653 382 805 444; x_wconf 83' lang='lat' dir='ltr'>quiost</span> <span class='ocrx_word' id='word_1_7' title='bbox 827 381 1033 443; x_wconf 77' lang='lat' dir='ltr'>princeps</span> <span class='ocrx_word' id='word_1_8' title='bbox 1058 382 1305 439; x_wconf 66' lang='lat' dir='ltr'>Martyrum</span> <span class='ocrx_word' id='word_1_9' title='bbox 1339 389 1380 424; x_wconf 89' lang='lat' dir='ltr'>et</span> <span class='ocrx_word' id='word_1_10' title='bbox 1403 376 1594 442; x_wconf 82' lang='lat' dir='ltr'><strong>pontifex</strong></span> <span class='ocrx_word' id='word_1_11' title='bbox 1623 376 1778 420; x_wconf 85' lang='lat' dir='ltr'>Sacer-</span> 
     </span>
     <span class='ocr_line' id='line_1_3' title="bbox 403 447 1779 510; baseline -0.007 -13"><span class='ocrx_word' id='word_1_12' title='bbox 403 452 573 498; x_wconf 83' lang='lat' dir='ltr'>dotum.</span> <span class='ocrx_word' id='word_1_13' title='bbox 604 451 905 496; x_wconf 75' lang='lat' dir='ltr'>proficiscitur</span> <span class='ocrx_word' id='word_1_14' title='bbox 940 448 1056 499; x_wconf 64' lang='lat' dir='ltr'>exul,</span> <span class='ocrx_word' id='word_1_15' title='bbox 1083 447 1152 492; x_wconf 87' lang='lat' dir='ltr'>sed</span> <span class='ocrx_word' id='word_1_16' title='bbox 1179 448 1317 493; x_wconf 74' lang='lat' dir='ltr'>virtus</span> <span class='ocrx_word' id='word_1_17' title='bbox 1356 449 1399 494; x_wconf 87' lang='lat' dir='ltr'>in</span> <span class='ocrx_word' id='word_1_18' title='bbox 1432 448 1664 510; x_wconf 81' lang='lat' dir='ltr'>Martyrem</span> <span class='ocrx_word' id='word_1_19' title='bbox 1687 448 1779 504; x_wconf 86' lang='lat' dir='ltr'>jam</span> 
     </span>
     <span class='ocr_line' id='line_1_4' title="bbox 403 515 1776 582; baseline -0.005 -15"><span class='ocrx_word' id='word_1_20' title='bbox 403 523 612 568; x_wconf 80' lang='lat' dir='ltr'>destinata</span> <span class='ocrx_word' id='word_1_21' title='bbox 638 539 724 566; x_wconf 87' lang='lat' dir='ltr'>non</span> <span class='ocrx_word' id='word_1_22' title='bbox 747 520 905 566; x_wconf 75' lang='lat' dir='ltr'>defecit</span> <span class='ocrx_word' id='word_1_23' title='bbox 931 520 973 564; x_wconf 89' lang='lat' dir='ltr'>in</span> <span class='ocrx_word' id='word_1_24' title='bbox 1002 518 1237 563; x_wconf 72' lang='lat' dir='ltr'>solitudine</span> <span class='ocrx_word' id='word_1_25' title='bbox 1264 556 1272 573; x_wconf 76' lang='lat'>‚</span> <span class='ocrx_word' id='word_1_26' title='bbox 1300 520 1402 582; x_wconf 86' lang='lat' dir='ltr'>quia</span> <span class='ocrx_word' id='word_1_27' title='bbox 1431 519 1658 563; x_wconf 77' lang='lat' dir='ltr'>Christum</span> <span class='ocrx_word' id='word_1_28' title='bbox 1693 515 1776 560; x_wconf 85' lang='lat' dir='ltr'>ha-</span> 
     </span>
     <span class='ocr_line' id='line_1_5' title="bbox 406 586 1777 653; baseline -0.006 -15"><span class='ocrx_word' id='word_1_29' title='bbox 406 593 503 638; x_wconf 88' lang='lat' dir='ltr'>buit</span> <span class='ocrx_word' id='word_1_30' title='bbox 522 592 740 637; x_wconf 84' lang='lat' dir='ltr'>comitem.</span> <span class='ocrx_word' id='word_1_31' title='bbox 758 591 1028 653; x_wconf 51' lang='lat' dir='ltr'>Contempsit</span> <span class='ocrx_word' id='word_1_32' title='bbox 1060 600 1241 644; x_wconf 70' lang='lat' dir='ltr'>terrena,</span> <span class='ocrx_word' id='word_1_33' title='bbox 1267 600 1312 634; x_wconf 85' lang='lat' dir='ltr'>ut</span> <span class='ocrx_word' id='word_1_34' title='bbox 1334 590 1548 634; x_wconf 83' lang='lat' dir='ltr'>inveniret</span> <span class='ocrx_word' id='word_1_35' title='bbox 1566 586 1777 639; x_wconf 81' lang='lat' dir='ltr'>coelestia3</span> 
     </span>
     <span class='ocr_line' id='line_1_6' title="bbox 406 656 1781 726; baseline -0.004 -18"><span class='ocrx_word' id='word_1_36' title='bbox 406 662 580 726; x_wconf 86' lang='lat' dir='ltr'>reliquit</span> <span class='ocrx_word' id='word_1_37' title='bbox 599 662 874 725; x_wconf 70' lang='lat' dir='ltr'>temporalia,</span> <span class='ocrx_word' id='word_1_38' title='bbox 892 671 939 706; x_wconf 88' lang='lat' dir='ltr'>ut</span> <span class='ocrx_word' id='word_1_39' title='bbox 953 659 1192 724; x_wconf 76' lang='lat' dir='ltr'><strong>possideret</strong></span> <span class='ocrx_word' id='word_1_40' title='bbox 1213 670 1388 705; x_wconf 79' lang='lat' dir='ltr'>aeterna.</span> <span class='ocrx_word' id='word_1_41' title='bbox 1415 659 1542 705; x_wconf 79' lang='lat' dir='ltr'>Stetit</span> <span class='ocrx_word' id='word_1_42' title='bbox 1564 658 1609 703; x_wconf 92' lang='lat' dir='ltr'>in</span> <span class='ocrx_word' id='word_1_43' title='bbox 1627 656 1781 721; x_wconf 87' lang='lat' dir='ltr'>praelio</span> 
     </span>
     <span class='ocr_line' id='line_1_7' title="bbox 405 729 1782 788; baseline -0.005 -8"><span class='ocrx_word' id='word_1_44' title='bbox 405 735 523 780; x_wconf 88' lang='lat' dir='ltr'>miles</span> <span class='ocrx_word' id='word_1_45' title='bbox 542 734 734 788; x_wconf 76' lang='lat' dir='ltr'>Christi,</span> <span class='ocrx_word' id='word_1_46' title='bbox 758 733 860 779; x_wconf 88' lang='lat' dir='ltr'>fidei</span> <span class='ocrx_word' id='word_1_47' title='bbox 877 733 1005 777; x_wconf 87' lang='lat' dir='ltr'>armis</span> <span class='ocrx_word' id='word_1_48' title='bbox 1031 731 1210 776; x_wconf 85' lang='lat' dir='ltr'>indutus</span> <span class='ocrx_word' id='word_1_49' title='bbox 1227 769 1236 779; x_wconf 84' lang='grc'>,</span> <span class='ocrx_word' id='word_1_50' title='bbox 1259 742 1301 776; x_wconf 88' lang='lat' dir='ltr'>et</span> <span class='ocrx_word' id='word_1_51' title='bbox 1321 742 1471 777; x_wconf 86' lang='lat' dir='ltr'>contra</span> <span class='ocrx_word' id='word_1_52' title='bbox 1498 740 1664 775; x_wconf 83' lang='lat' dir='ltr'>atroces</span> <span class='ocrx_word' id='word_1_53' title='bbox 1682 729 1782 774; x_wconf 83' lang='lat' dir='ltr'>hos-</span> 
     </span>
     <span class='ocr_line' id='line_1_8' title="bbox 402 801 1784 864; baseline -0.004 -14"><span class='ocrx_word' id='word_1_54' title='bbox 402 816 462 851; x_wconf 87' lang='lat' dir='ltr'>tes</span> <span class='ocrx_word' id='word_1_55' title='bbox 478 804 648 850; x_wconf 87' lang='lat' dir='ltr'>fortiter</span> <span class='ocrx_word' id='word_1_56' title='bbox 672 803 910 849; x_wconf 76' lang='lat' dir='ltr'>dimicavit.</span> <span class='ocrx_word' id='word_1_57' title='bbox 941 802 1062 848; x_wconf 86' lang='lat' dir='ltr'>Fidei</span> <span class='ocrx_word' id='word_1_58' title='bbox 1087 801 1221 847; x_wconf 86' lang='lat' dir='ltr'>lorica</span> <span class='ocrx_word' id='word_1_59' title='bbox 1246 802 1427 847; x_wconf 83' lang='lat' dir='ltr'>vestitus</span> <span class='ocrx_word' id='word_1_60' title='bbox 1449 839 1458 856; x_wconf 83' lang='lat'>‚</span> <span class='ocrx_word' id='word_1_61' title='bbox 1497 801 1712 864; x_wconf 76' lang='lat' dir='ltr'>pugnavit</span> <span class='ocrx_word' id='word_1_62' title='bbox 1742 809 1784 844; x_wconf 80' lang='lat' dir='ltr'>et</span> 
     </span>
     <span class='ocr_line' id='line_1_9' title="bbox 402 869 1784 936; baseline -0.005 -14"><span class='ocrx_word' id='word_1_63' title='bbox 402 876 540 930; x_wconf 80' lang='lat' dir='ltr'>vicit,</span> <span class='ocrx_word' id='word_1_64' title='bbox 568 892 656 920; x_wconf 90' lang='lat' dir='ltr'>non</span> <span class='ocrx_word' id='word_1_65' title='bbox 680 873 876 920; x_wconf 88' lang='lat' dir='ltr'>feriendo</span> <span class='ocrx_word' id='word_1_66' title='bbox 897 910 906 927; x_wconf 80' lang='grc'><em>,</em></span> <span class='ocrx_word' id='word_1_67' title='bbox 934 872 1005 918; x_wconf 89' lang='lat' dir='ltr'>sed</span> <span class='ocrx_word' id='word_1_68' title='bbox 1032 872 1240 935; x_wconf 82' lang='lat' dir='ltr'>patiendo</span> <span class='ocrx_word' id='word_1_69' title='bbox 1260 910 1271 931; x_wconf 69' lang='grc'>,</span> <span class='ocrx_word' id='word_1_70' title='bbox 1307 872 1529 936; x_wconf 83' lang='lat' dir='ltr'>vitamque</span> <span class='ocrx_word' id='word_1_71' title='bbox 1556 869 1784 916; x_wconf 86' lang='lat' dir='ltr'>moriendo</span> 
     </span>
     <span class='ocr_line' id='line_1_10' title="bbox 403 940 1784 1010; baseline -0.005 -18"><span class='ocrx_word' id='word_1_72' title='bbox 403 964 534 1010; x_wconf 84' lang='lat' dir='ltr'>quam</span> <span class='ocrx_word' id='word_1_73' title='bbox 561 946 779 1009; x_wconf 74' lang='lat' dir='ltr'>optabat,</span> <span class='ocrx_word' id='word_1_74' title='bbox 807 944 978 1006; x_wconf 86' lang='lat' dir='ltr'>accepit</span> <span class='ocrx_word' id='word_1_75' title='bbox 1009 961 1030 988; x_wconf 88' lang='lat' dir='ltr'>a</span> <span class='ocrx_word' id='word_1_76' title='bbox 1051 944 1142 988; x_wconf 88' lang='lat' dir='ltr'>Deo</span> <span class='ocrx_word' id='word_1_77' title='bbox 1169 954 1347 989; x_wconf 81' lang='lat' dir='ltr'>aeterno.</span> <span class='ocrx_word' id='word_1_78' title='bbox 1387 943 1439 987; x_wconf 81' lang='lat' dir='ltr'>In</span> <span class='ocrx_word' id='word_1_79' title='bbox 1462 942 1669 1005; x_wconf 86' lang='lat' dir='ltr'>precibus</span> <span class='ocrx_word' id='word_1_80' title='bbox 1696 940 1784 985; x_wconf 91' lang='lat' dir='ltr'>suis</span> 
     </span>
     <span class='ocr_line' id='line_1_11' title="bbox 403 1011 1787 1082; baseline -0.006 -18"><span class='ocrx_word' id='word_1_81' title='bbox 403 1017 601 1082; x_wconf 83' lang='lat' dir='ltr'>quotidie</span> <span class='ocrx_word' id='word_1_82' title='bbox 625 1016 802 1061; x_wconf 86' lang='lat' dir='ltr'>dicebat</span> <span class='ocrx_word' id='word_1_83' title='bbox 834 1032 936 1060; x_wconf 89' lang='lat' dir='ltr'>cum</span> <span class='ocrx_word' id='word_1_84' title='bbox 970 1015 1196 1077; x_wconf 79' lang='lat' dir='ltr'>Propheta</span> <span class='ocrx_word' id='word_1_85' title='bbox 1220 1013 1361 1060; x_wconf 83' lang='lat' dir='ltr'>David</span> <span class='ocrx_word' id='word_1_86' title='bbox 1393 1031 1402 1057; x_wconf 90' lang='lat'>:</span> <span class='ocrx_word' id='word_1_87' title='bbox 1435 1012 1616 1058; x_wconf 77' lang='lat' dir='ltr'>«Credo</span> <span class='ocrx_word' id='word_1_88' title='bbox 1641 1011 1787 1058; x_wconf 87' lang='lat' dir='ltr'>videre</span> 
     </span>
     <span class='ocr_line' id='line_1_12' title="bbox 408 1083 1781 1135; baseline -0.003 -4"><span class='ocrx_word' id='word_1_89' title='bbox 408 1112 427 1131; x_wconf 84' lang='lat'>›&gt;</span> <span class='ocrx_word' id='word_1_90' title='bbox 446 1090 562 1135; x_wconf 90' lang='lat' dir='ltr'>bona</span> <span class='ocrx_word' id='word_1_91' title='bbox 579 1086 754 1133; x_wconf 89' lang='lat' dir='ltr'>Domini</span> <span class='ocrx_word' id='word_1_92' title='bbox 775 1089 823 1131; x_wconf 89' lang='lat' dir='ltr'>in</span> <span class='ocrx_word' id='word_1_93' title='bbox 845 1097 955 1132; x_wconf 83' lang='lat' dir='ltr'>terra</span> <span class='ocrx_word' id='word_1_94' title='bbox 974 1084 1263 1133; x_wconf 75' lang='lat' dir='ltr'>viventiun11.</span> <span class='ocrx_word' id='word_1_95' title='bbox 1289 1107 1309 1126; x_wconf 86' lang='lat'>»</span> <span class='ocrx_word' id='word_1_96' title='bbox 1333 1086 1386 1129; x_wconf 82' lang='lat' dir='ltr'>Et</span> <span class='ocrx_word' id='word_1_97' title='bbox 1404 1085 1561 1130; x_wconf 87' lang='lat' dir='ltr'>iterum</span> <span class='ocrx_word' id='word_1_98' title='bbox 1577 1083 1781 1129; x_wconf 85' lang='lat' dir='ltr'>dicebat:</span> 
     </span>
     <span class='ocr_line' id='line_1_13' title="bbox 405 1154 1786 1220; baseline -0.005 -15"><span class='ocrx_word' id='word_1_99' title='bbox 405 1181 423 1201; x_wconf 74' lang='grc' dir='ltr'>α</span> <span class='ocrx_word' id='word_1_100' title='bbox 447 1159 640 1217; x_wconf 84' lang='lat' dir='ltr'>Quando</span> <span class='ocrx_word' id='word_1_101' title='bbox 658 1158 826 1204; x_wconf 77' lang='lat' dir='ltr'>veniam</span> <span class='ocrx_word' id='word_1_102' title='bbox 842 1168 883 1202; x_wconf 89' lang='lat' dir='ltr'>et</span> <span class='ocrx_word' id='word_1_103' title='bbox 902 1156 1126 1220; x_wconf 82' lang='lat' dir='ltr'>apparebo</span> <span class='ocrx_word' id='word_1_104' title='bbox 1147 1167 1245 1202; x_wconf 86' lang='lat' dir='ltr'>ante</span> <span class='ocrx_word' id='word_1_105' title='bbox 1261 1155 1414 1201; x_wconf 85' lang='lat' dir='ltr'>faciem</span> <span class='ocrx_word' id='word_1_106' title='bbox 1433 1155 1610 1201; x_wconf 92' lang='lat' dir='ltr'>Domini</span> <span class='ocrx_word' id='word_1_107' title='bbox 1628 1154 1672 1198; x_wconf 68' lang='lat'>²?</span> <span class='ocrx_word' id='word_1_108' title='bbox 1694 1175 1714 1195; x_wconf 91' lang='lat'>»</span> <span class='ocrx_word' id='word_1_109' title='bbox 1738 1163 1786 1198; x_wconf 85' lang='lat' dir='ltr'>ut</span> 
     </span>
     <span class='ocr_line' id='line_1_14' title="bbox 407 1224 1787 1294; baseline -0.004 -18"><span class='ocrx_word' id='word_1_110' title='bbox 407 1230 627 1294; x_wconf 76' lang='lat' dir='ltr'>acciperet</span> <span class='ocrx_word' id='word_1_111' title='bbox 646 1228 757 1275; x_wconf 92' lang='lat' dir='ltr'>illud</span> <span class='ocrx_word' id='word_1_112' title='bbox 782 1251 800 1270; x_wconf 88' lang='lat'>«</span> <span class='ocrx_word' id='word_1_113' title='bbox 822 1228 955 1285; x_wconf 86' lang='lat' dir='ltr'>Quod</span> <span class='ocrx_word' id='word_1_114' title='bbox 980 1228 1134 1274; x_wconf 91' lang='lat' dir='ltr'>oculus</span> <span class='ocrx_word' id='word_1_115' title='bbox 1155 1245 1242 1273; x_wconf 89' lang='lat' dir='ltr'>non</span> <span class='ocrx_word' id='word_1_116' title='bbox 1265 1226 1374 1273; x_wconf 80' lang='lat' dir='ltr'>vidit</span> <span class='ocrx_word' id='word_1_117' title='bbox 1397 1263 1406 1281; x_wconf 77' lang='grc'>,</span> <span class='ocrx_word' id='word_1_118' title='bbox 1433 1243 1512 1272; x_wconf 90' lang='lat' dir='ltr'>nec</span> <span class='ocrx_word' id='word_1_119' title='bbox 1533 1226 1648 1271; x_wconf 86' lang='lat' dir='ltr'>auris</span> <span class='ocrx_word' id='word_1_120' title='bbox 1669 1224 1787 1271; x_wconf 87' lang='lat' dir='ltr'>audi·</span> 
     </span>
     <span class='ocr_line' id='line_1_15' title="bbox 402 1296 1785 1360; baseline -0.005 -13"><span class='ocrx_word' id='word_1_121' title='bbox 402 1301 490 1355; x_wconf 88' lang='lat' dir='ltr'>vit,</span> <span class='ocrx_word' id='word_1_122' title='bbox 524 1317 605 1345; x_wconf 87' lang='lat' dir='ltr'>nec</span> <span class='ocrx_word' id='word_1_123' title='bbox 640 1300 686 1344; x_wconf 92' lang='lat' dir='ltr'>in</span> <span class='ocrx_word' id='word_1_124' title='bbox 717 1316 794 1344; x_wconf 89' lang='lat' dir='ltr'>cor</span> <span class='ocrx_word' id='word_1_125' title='bbox 826 1298 1017 1344; x_wconf 88' lang='lat' dir='ltr'>hominis</span> <span class='ocrx_word' id='word_1_126' title='bbox 1046 1297 1243 1344; x_wconf 83' lang='lat' dir='ltr'>ascendit</span> <span class='ocrx_word' id='word_1_127' title='bbox 1262 1334 1272 1353; x_wconf 84' lang='lat'><strong><em>‚</em></strong></span> <span class='ocrx_word' id='word_1_128' title='bbox 1301 1296 1423 1360; x_wconf 88' lang='lat' dir='ltr'>quod</span> <span class='ocrx_word' id='word_1_129' title='bbox 1451 1297 1521 1359; x_wconf 81' lang='grc' dir='ltr'>(ι)</span> <span class='ocrx_word' id='word_1_130' title='bbox 1558 1312 1785 1359; x_wconf 72' lang='lat' dir='ltr'>praepara-</span> 
     </span>
     <span class='ocr_line' id='line_1_16' title="bbox 404 1368 1106 1430; baseline -0.003 -17"><span class='ocrx_word' id='word_1_131' title='bbox 404 1393 425 1413; x_wconf 82' lang='lat'>»</span> <span class='ocrx_word' id='word_1_132' title='bbox 442 1372 505 1418; x_wconf 88' lang='lat' dir='ltr'>vit</span> <span class='ocrx_word' id='word_1_133' title='bbox 526 1372 642 1416; x_wconf 88' lang='lat' dir='ltr'>Deus</span> <span class='ocrx_word' id='word_1_134' title='bbox 666 1369 950 1430; x_wconf 84' lang='lat' dir='ltr'>diligentibus</span> <span class='ocrx_word' id='word_1_135' title='bbox 973 1368 1059 1414; x_wconf 77' lang='lat' dir='ltr'>se5.</span> <span class='ocrx_word' id='word_1_136' title='bbox 1086 1392 1106 1410; x_wconf 87' lang='lat'>»</span> 
     </span>
    </p>

    <p class='ocr_par' dir='ltr' id='par_1_3' title="bbox 401 1435 1786 2339">
     <span class='ocr_line' id='line_1_17' title="bbox 469 1435 1778 1497; baseline -0.002 -11"><span class='ocrx_word' id='word_1_137' title='bbox 469 1443 555 1487; x_wconf 82' lang='grc' dir='ltr'>ΠΙ.</span> <span class='ocrx_word' id='word_1_138' title='bbox 594 1441 847 1487; x_wconf 84' lang='lat' dir='ltr'>Revocatur</span> <span class='ocrx_word' id='word_1_139' title='bbox 877 1440 933 1485; x_wconf 87' lang='lat' dir='ltr'>ab</span> <span class='ocrx_word' id='word_1_140' title='bbox 957 1439 1082 1485; x_wconf 80' lang='lat' dir='ltr'>exilio</span> <span class='ocrx_word' id='word_1_141' title='bbox 1105 1476 1114 1490; x_wconf 84' lang='grc'>,</span> <span class='ocrx_word' id='word_1_142' title='bbox 1148 1449 1196 1483; x_wconf 85' lang='lat' dir='ltr'>ut</span> <span class='ocrx_word' id='word_1_143' title='bbox 1232 1437 1457 1483; x_wconf 78' lang='lat' dir='ltr'>audiretur</span> <span class='ocrx_word' id='word_1_144' title='bbox 1478 1439 1543 1497; x_wconf 58' lang='lat'>(2)</span> <span class='ocrx_word' id='word_1_145' title='bbox 1572 1435 1778 1484; x_wconf 83' lang='lat' dir='ltr'>secundO.</span> 
     </span>
     <span class='ocr_line' id='line_1_18' title="bbox 409 1505 1786 1568; baseline -0.006 -10"><span class='ocrx_word' id='word_1_146' title='bbox 409 1515 510 1558; x_wconf 84' lang='lat' dir='ltr'>Erat</span> <span class='ocrx_word' id='word_1_147' title='bbox 532 1512 578 1557; x_wconf 87' lang='lat' dir='ltr'>in</span> <span class='ocrx_word' id='word_1_148' title='bbox 599 1510 796 1556; x_wconf 89' lang='lat' dir='ltr'>custodia</span> <span class='ocrx_word' id='word_1_149' title='bbox 813 1510 999 1555; x_wconf 83' lang='lat' dir='ltr'>carceris</span> <span class='ocrx_word' id='word_1_150' title='bbox 1015 1547 1025 1565; x_wconf 83' lang='lat'>‚</span> <span class='ocrx_word' id='word_1_151' title='bbox 1049 1521 1090 1555; x_wconf 88' lang='lat' dir='ltr'>et</span> <span class='ocrx_word' id='word_1_152' title='bbox 1109 1509 1333 1568; x_wconf 81' lang='lat' dir='ltr'>satagebat</span> <span class='ocrx_word' id='word_1_153' title='bbox 1354 1507 1407 1553; x_wconf 92' lang='lat' dir='ltr'>de</span> <span class='ocrx_word' id='word_1_154' title='bbox 1429 1506 1629 1552; x_wconf 87' lang='lat' dir='ltr'>custodia</span> <span class='ocrx_word' id='word_1_155' title='bbox 1650 1505 1786 1551; x_wconf 87' lang='lat' dir='ltr'>casti-</span> 
     </span>
     <span class='ocr_line' id='line_1_19' title="bbox 403 1576 1786 1639; baseline -0.006 -10"><span class='ocrx_word' id='word_1_156' title='bbox 403 1584 516 1629; x_wconf 88' lang='lat' dir='ltr'>tatis.</span> <span class='ocrx_word' id='word_1_157' title='bbox 543 1583 676 1627; x_wconf 82' lang='lat' dir='ltr'>Jubet</span> <span class='ocrx_word' id='word_1_158' title='bbox 699 1598 841 1626; x_wconf 89' lang='lat' dir='ltr'>sacras</span> <span class='ocrx_word' id='word_1_159' title='bbox 860 1580 1045 1639; x_wconf 82' lang='lat' dir='ltr'>virgines</span> <span class='ocrx_word' id='word_1_160' title='bbox 1069 1579 1300 1633; x_wconf 82' lang='lat' dir='ltr'>custodiri,</span> <span class='ocrx_word' id='word_1_161' title='bbox 1330 1595 1382 1623; x_wconf 87' lang='lat' dir='ltr'>ne</span> <span class='ocrx_word' id='word_1_162' title='bbox 1399 1588 1504 1623; x_wconf 80' lang='lat' dir='ltr'>esset</span> <span class='ocrx_word' id='word_1_163' title='bbox 1527 1577 1572 1622; x_wconf 89' lang='lat' dir='ltr'>in</span> <span class='ocrx_word' id='word_1_164' title='bbox 1599 1576 1683 1622; x_wconf 89' lang='lat' dir='ltr'>illis</span> <span class='ocrx_word' id='word_1_165' title='bbox 1701 1577 1786 1621; x_wconf 88' lang='lat' dir='ltr'>ob-</span> 
     </span>
     <span class='ocr_line' id='line_1_20' title="bbox 403 1648 1786 1711; baseline -0.006 -12"><span class='ocrx_word' id='word_1_166' title='bbox 403 1654 588 1700; x_wconf 87' lang='lat' dir='ltr'>servatio</span> <span class='ocrx_word' id='word_1_167' title='bbox 612 1651 839 1697; x_wconf 84' lang='lat' dir='ltr'>charitatis</span> <span class='ocrx_word' id='word_1_168' title='bbox 855 1650 1129 1710; x_wconf 82' lang='lat' dir='ltr'>naufragium</span> <span class='ocrx_word' id='word_1_169' title='bbox 1145 1649 1354 1695; x_wconf 83' lang='lat' dir='ltr'>castitatis</span> <span class='ocrx_word' id='word_1_170' title='bbox 1376 1648 1458 1711; x_wconf 74' lang='lat'>(3).</span> <span class='ocrx_word' id='word_1_171' title='bbox 1484 1650 1786 1707; x_wconf 83' lang='lat' dir='ltr'>Antejanuam</span> 
     </span>
     <span class='ocr_line' id='line_1_21' title="bbox 404 1717 1780 1785; baseline -0.007 -14"><span class='ocrx_word' id='word_1_172' title='bbox 404 1724 586 1771; x_wconf 89' lang='lat' dir='ltr'>carceris</span> <span class='ocrx_word' id='word_1_173' title='bbox 604 1721 987 1785; x_wconf 83' lang='lat' dir='ltr'>jacebatpopulus</span> <span class='ocrx_word' id='word_1_174' title='bbox 1001 1721 1280 1767; x_wconf 83' lang='lat' dir='ltr'>Christianus</span> <span class='ocrx_word' id='word_1_175' title='bbox 1294 1720 1497 1766; x_wconf 81' lang='lat' dir='ltr'>excubias</span> <span class='ocrx_word' id='word_1_176' title='bbox 1512 1718 1674 1764; x_wconf 83' lang='lat' dir='ltr'>faciens</span> <span class='ocrx_word' id='word_1_177' title='bbox 1692 1717 1759 1781; x_wconf 72' lang='grc'>(4)</span> <span class='ocrx_word' id='word_1_178' title='bbox 1770 1755 1780 1775; x_wconf 81' lang='lat'><strong>,</strong></span> 
     </span>
     <span class='ocr_line' id='line_1_22' title="bbox 401 1789 1786 1861; baseline -0.005 -20"><span class='ocrx_word' id='word_1_179' title='bbox 401 1813 484 1861; x_wconf 87' lang='lat' dir='ltr'>pro</span> <span class='ocrx_word' id='word_1_180' title='bbox 512 1805 687 1859; x_wconf 83' lang='lat' dir='ltr'>pastore</span> <span class='ocrx_word' id='word_1_181' title='bbox 718 1794 857 1838; x_wconf 87' lang='lat' dir='ltr'>minas</span> <span class='ocrx_word' id='word_1_182' title='bbox 893 1802 1176 1838; x_wconf 87' lang='lat' dir='ltr'>contemnens</span> <span class='ocrx_word' id='word_1_183' title='bbox 1205 1792 1298 1854; x_wconf 58' lang='lat'>(5),</span> <span class='ocrx_word' id='word_1_184' title='bbox 1336 1807 1419 1854; x_wconf 89' lang='lat' dir='ltr'>pro</span> <span class='ocrx_word' id='word_1_185' title='bbox 1446 1801 1569 1853; x_wconf 83' lang='lat' dir='ltr'>patre</span> <span class='ocrx_word' id='word_1_186' title='bbox 1602 1789 1786 1853; x_wconf 86' lang='lat' dir='ltr'>cupiens</span> 
     </span>
     <span class='ocr_line' id='line_1_23' title="bbox 405 1860 1781 1927; baseline -0.006 -14"><span class='ocrx_word' id='word_1_187' title='bbox 405 1866 614 1913; x_wconf 84' lang='lat' dir='ltr'>decollari</span> <span class='ocrx_word' id='word_1_188' title='bbox 640 1866 704 1927; x_wconf 84' lang='grc'>(6)</span> <span class='ocrx_word' id='word_1_189' title='bbox 726 1900 737 1918; x_wconf 84' lang='grc'><em>,</em></span> <span class='ocrx_word' id='word_1_190' title='bbox 765 1880 867 1909; x_wconf 90' lang='lat' dir='ltr'>cum</span> <span class='ocrx_word' id='word_1_191' title='bbox 898 1864 1092 1927; x_wconf 77' lang='lat' dir='ltr'>Martyre</span> <span class='ocrx_word' id='word_1_192' title='bbox 1129 1873 1356 1908; x_wconf 81' lang='lat' dir='ltr'>veneratus</span> <span class='ocrx_word' id='word_1_193' title='bbox 1378 1862 1446 1925; x_wconf 89' lang='lat'>(7)</span> <span class='ocrx_word' id='word_1_194' title='bbox 1485 1860 1781 1906; x_wconf 80' lang='lat' dir='ltr'>Sacerdotem.</span> 
     </span>
     <span class='ocr_line' id='line_1_24' title="bbox 407 1931 1785 1998; baseline -0.005 -15"><span class='ocrx_word' id='word_1_195' title='bbox 407 1939 597 1983; x_wconf 83' lang='lat' dir='ltr'>Iteratur</span> <span class='ocrx_word' id='word_1_196' title='bbox 620 1933 831 1998; x_wconf 90' lang='lat' dir='ltr'>Episcopi</span> <span class='ocrx_word' id='word_1_197' title='bbox 868 1933 1089 1980; x_wconf 88' lang='lat' dir='ltr'>audientia</span> <span class='ocrx_word' id='word_1_198' title='bbox 1109 1969 1120 1990; x_wconf 86' lang='lat'>‚</span> <span class='ocrx_word' id='word_1_199' title='bbox 1148 1944 1198 1979; x_wconf 87' lang='lat' dir='ltr'>ut</span> <span class='ocrx_word' id='word_1_200' title='bbox 1221 1933 1358 1996; x_wconf 84' lang='lat' dir='ltr'>possit</span> <span class='ocrx_word' id='word_1_201' title='bbox 1384 1931 1681 1977; x_wconf 86' lang='lat' dir='ltr'>consummari</span> <span class='ocrx_word' id='word_1_202' title='bbox 1704 1948 1785 1977; x_wconf 90' lang='lat' dir='ltr'>co-</span> 
     </span>
     <span class='ocr_line' id='line_1_25' title="bbox 408 2002 1783 2070; baseline -0.004 -16"><span class='ocrx_word' id='word_1_203' title='bbox 408 2026 514 2054; x_wconf 85' lang='lat' dir='ltr'>rona</span> <span class='ocrx_word' id='word_1_204' title='bbox 542 2007 625 2070; x_wconf 79' lang='lat'><em>(8).</em></span> <span class='ocrx_word' id='word_1_205' title='bbox 670 2007 793 2066; x_wconf 85' lang='lat' dir='ltr'>AEgre</span> <span class='ocrx_word' id='word_1_206' title='bbox 826 2005 960 2065; x_wconf 83' lang='lat' dir='ltr'>judex</span> <span class='ocrx_word' id='word_1_207' title='bbox 996 2004 1213 2069; x_wconf 86' lang='lat' dir='ltr'>loquitur,</span> <span class='ocrx_word' id='word_1_208' title='bbox 1253 2015 1295 2049; x_wconf 88' lang='lat' dir='ltr'>et</span> <span class='ocrx_word' id='word_1_209' title='bbox 1341 2007 1511 2066; x_wconf 76' lang='lat' dir='ltr'>Martyr</span> <span class='ocrx_word' id='word_1_210' title='bbox 1550 2002 1783 2048; x_wconf 85' lang='lat' dir='ltr'>fortissime</span> 
     </span>
     <span class='ocr_line' id='line_1_26' title="bbox 409 2073 1783 2137; baseline -0.005 -12"><span class='ocrx_word' id='word_1_211' title='bbox 409 2080 656 2126; x_wconf 80' lang='lat' dir='ltr'>confitetur.</span> <span class='ocrx_word' id='word_1_212' title='bbox 686 2076 909 2122; x_wconf 85' lang='lat' dir='ltr'>Scribitur</span> <span class='ocrx_word' id='word_1_213' title='bbox 925 2077 970 2122; x_wconf 89' lang='lat' dir='ltr'>in</span> <span class='ocrx_word' id='word_1_214' title='bbox 990 2076 1141 2122; x_wconf 85' lang='lat' dir='ltr'>tabula</span> <span class='ocrx_word' id='word_1_215' title='bbox 1163 2075 1374 2121; x_wconf 84' lang='lat' dir='ltr'>sententia</span> <span class='ocrx_word' id='word_1_216' title='bbox 1396 2073 1595 2137; x_wconf 83' lang='lat' dir='ltr'>capitalis</span> <span class='ocrx_word' id='word_1_217' title='bbox 1612 2073 1783 2119; x_wconf 83' lang='lat' dir='ltr'>calamo</span> 
     </span>
     <span class='ocr_line' id='line_1_27' title="bbox 408 2144 1783 2204; baseline -0.005 -8"><span class='ocrx_word' id='word_1_218' title='bbox 408 2148 681 2197; x_wconf 82' lang='lat' dir='ltr'>crudelitatis</span> <span class='ocrx_word' id='word_1_219' title='bbox 701 2184 711 2203; x_wconf 94' lang='lat'><strong><em>‚</em></strong></span> <span class='ocrx_word' id='word_1_220' title='bbox 731 2158 773 2193; x_wconf 88' lang='lat' dir='ltr'>et</span> <span class='ocrx_word' id='word_1_221' title='bbox 796 2164 957 2193; x_wconf 86' lang='lat' dir='ltr'>corona</span> <span class='ocrx_word' id='word_1_222' title='bbox 985 2147 1022 2193; x_wconf 91' lang='lat' dir='ltr'>ei</span> <span class='ocrx_word' id='word_1_223' title='bbox 1055 2158 1299 2193; x_wconf 78' lang='lat' dir='ltr'>reservatur</span> <span class='ocrx_word' id='word_1_224' title='bbox 1316 2146 1363 2192; x_wconf 90' lang='lat' dir='ltr'>in</span> <span class='ocrx_word' id='word_1_225' title='bbox 1388 2145 1526 2191; x_wconf 88' lang='lat' dir='ltr'>coelis.</span> <span class='ocrx_word' id='word_1_226' title='bbox 1555 2144 1656 2204; x_wconf 77' lang='lat' dir='ltr'>Agit</span> <span class='ocrx_word' id='word_1_227' title='bbox 1692 2145 1783 2189; x_wconf 90' lang='lat' dir='ltr'>Deo</span> 
     </span>
     <span class='ocr_line' id='line_1_28' title="bbox 404 2215 1783 2283; baseline -0.005 -16"><span class='ocrx_word' id='word_1_228' title='bbox 404 2221 562 2283; x_wconf 82' lang='lat' dir='ltr'>gratias</span> <span class='ocrx_word' id='word_1_229' title='bbox 580 2218 887 2275; x_wconf 74' lang='lat' dir='ltr'>decollandus,</span> <span class='ocrx_word' id='word_1_230' title='bbox 909 2236 959 2264; x_wconf 95' lang='lat' dir='ltr'>eo</span> <span class='ocrx_word' id='word_1_231' title='bbox 986 2218 1107 2282; x_wconf 89' lang='lat' dir='ltr'>quod</span> <span class='ocrx_word' id='word_1_232' title='bbox 1124 2218 1179 2264; x_wconf 90' lang='lat' dir='ltr'>de</span> <span class='ocrx_word' id='word_1_233' title='bbox 1205 2217 1366 2264; x_wconf 78' lang='lat' dir='ltr'>saeculo</span> <span class='ocrx_word' id='word_1_234' title='bbox 1400 2216 1543 2262; x_wconf 83' lang='lat' dir='ltr'>fuerat</span> <span class='ocrx_word' id='word_1_235' title='bbox 1574 2215 1783 2261; x_wconf 84' lang='lat' dir='ltr'>transitu-—</span> 
     </span>
     <span class='ocr_line' id='line_1_29' title="bbox 404 2285 1784 2339; baseline -0.005 -1"><span class='ocrx_word' id='word_1_236' title='bbox 404 2310 491 2339; x_wconf 86' lang='lat' dir='ltr'>rus.</span> <span class='ocrx_word' id='word_1_237' title='bbox 522 2291 751 2337; x_wconf 83' lang='lat' dir='ltr'>Clamabat</span> <span class='ocrx_word' id='word_1_238' title='bbox 774 2290 905 2335; x_wconf 87' lang='lat' dir='ltr'>turba</span> <span class='ocrx_word' id='word_1_239' title='bbox 926 2289 1124 2335; x_wconf 89' lang='lat' dir='ltr'>fidelium</span> <span class='ocrx_word' id='word_1_240' title='bbox 1145 2288 1297 2335; x_wconf 84' lang='lat' dir='ltr'>dicens</span> <span class='ocrx_word' id='word_1_241' title='bbox 1316 2306 1327 2333; x_wconf 71' lang='grc' dir='ltr'><strong><em>ε</em></strong></span> <span class='ocrx_word' id='word_1_242' title='bbox 1353 2289 1407 2333; x_wconf 87' lang='lat' dir='ltr'>Et</span> <span class='ocrx_word' id='word_1_243' title='bbox 1428 2303 1506 2333; x_wconf 89' lang='lat' dir='ltr'>nos</span> <span class='ocrx_word' id='word_1_244' title='bbox 1522 2303 1623 2332; x_wconf 89' lang='lat' dir='ltr'>cum</span> <span class='ocrx_word' id='word_1_245' title='bbox 1640 2303 1691 2332; x_wconf 88' lang='lat' dir='ltr'>eo</span> <span class='ocrx_word' id='word_1_246' title='bbox 1710 2285 1784 2331; x_wconf 90' lang='lat' dir='ltr'>de-</span> 
     </span>
    </p>
   </div>
   <div class='ocr_carea' id='block_1_2' title="bbox 458 2405 1394 2449">
    <p class='ocr_par' dir='ltr' id='par_1_4' title="bbox 458 2405 1394 2449">
     <span class='ocr_line' id='line_1_30' title="bbox 458 2405 1394 2449; baseline -0.002 -7"><span class='ocrx_word' id='word_1_247' title='bbox 458 2412 468 2433; x_wconf 85' lang='lat'><strong>¹</strong></span> <span class='ocrx_word' id='word_1_248' title='bbox 495 2410 574 2442; x_wconf 81' lang='lat' dir='ltr'>Psal.</span> <span class='ocrx_word' id='word_1_249' title='bbox 596 2420 683 2447; x_wconf 74' lang='lat' dir='ltr'>xxvr,</span> <span class='ocrx_word' id='word_1_250' title='bbox 707 2410 758 2440; x_wconf 78' lang='lat'>13.</span> <span class='ocrx_word' id='word_1_251' title='bbox 773 2424 821 2434; x_wconf 89' lang='lat'>—</span> <span class='ocrx_word' id='word_1_252' title='bbox 839 2406 854 2429; x_wconf 85' lang='lat'>²</span> <span class='ocrx_word' id='word_1_253' title='bbox 871 2407 921 2440; x_wconf 93' lang='lat' dir='ltr'>Id.</span> <span class='ocrx_word' id='word_1_254' title='bbox 941 2419 1010 2445; x_wconf 76' lang='lat' dir='ltr'>xm,</span> <span class='ocrx_word' id='word_1_255' title='bbox 1031 2409 1063 2441; x_wconf 81' lang='lat'>3.</span> <span class='ocrx_word' id='word_1_256' title='bbox 1080 2425 1126 2432; x_wconf 92' lang='lat'><strong>—</strong></span> <span class='ocrx_word' id='word_1_257' title='bbox 1142 2405 1156 2429; x_wconf 80' lang='lat'><strong>3</strong></span> <span class='ocrx_word' id='word_1_258' title='bbox 1180 2419 1192 2438; x_wconf 83' lang='lat' dir='ltr'>x</span> <span class='ocrx_word' id='word_1_259' title='bbox 1216 2410 1292 2441; x_wconf 88' lang='lat' dir='ltr'>Cor.</span> <span class='ocrx_word' id='word_1_260' title='bbox 1311 2418 1346 2445; x_wconf 88' lang='lat'>11,</span> <span class='ocrx_word' id='word_1_261' title='bbox 1361 2420 1394 2449; x_wconf 81' lang='lat'>9.</span> 
     </span>
    </p>
   </div>
   <div class='ocr_carea' id='block_1_3' title="bbox 403 2484 1787 2695">
    <p class='ocr_par' dir='ltr' id='par_1_5' title="bbox 403 2484 1787 2695">
     <span class='ocr_line' id='line_1_31' title="bbox 453 2484 1779 2536; baseline -0.005 -13"><span class='ocrx_word' id='word_1_262' title='bbox 453 2492 503 2536; x_wconf 79' lang='lat' dir='ltr'>(x)</span> <span class='ocrx_word' id='word_1_263' title='bbox 520 2490 600 2524; x_wconf 77' lang='lat' dir='ltr'>Cod,</span> <span class='ocrx_word' id='word_1_264' title='bbox 617 2490 698 2522; x_wconf 82' lang='lat' dir='ltr'>male</span> <span class='ocrx_word' id='word_1_265' title='bbox 711 2502 792 2532; x_wconf 79' lang='lat' dir='ltr'>qna.</span> <span class='ocrx_word' id='word_1_266' title='bbox 811 2508 856 2515; x_wconf 92' lang='lat'>—</span> <span class='ocrx_word' id='word_1_267' title='bbox 871 2489 920 2533; x_wconf 83' lang='lat'>(2)</span> <span class='ocrx_word' id='word_1_268' title='bbox 939 2490 1020 2522; x_wconf 88' lang='lat' dir='ltr'>Cod.</span> <span class='ocrx_word' id='word_1_269' title='bbox 1037 2490 1307 2532; x_wconf 77' lang='lat' dir='ltr'>auditussuisset.</span> <span class='ocrx_word' id='word_1_270' title='bbox 1330 2507 1372 2513; x_wconf 89' lang='lat'>—</span> <span class='ocrx_word' id='word_1_271' title='bbox 1389 2484 1441 2531; x_wconf 84' lang='lat'>(3)</span> <span class='ocrx_word' id='word_1_272' title='bbox 1460 2486 1544 2518; x_wconf 87' lang='lat' dir='ltr'>Vide</span> <span class='ocrx_word' id='word_1_273' title='bbox 1559 2488 1592 2520; x_wconf 93' lang='lat' dir='ltr'>S.</span> <span class='ocrx_word' id='word_1_274' title='bbox 1609 2486 1779 2528; x_wconf 75' lang='lat' dir='ltr'>Angustia.</span> 
     </span>
     <span class='ocr_line' id='line_1_32' title="bbox 405 2543 1781 2590; baseline -0.006 -10"><span class='ocrx_word' id='word_1_275' title='bbox 405 2551 509 2581; x_wconf 83' lang='lat' dir='ltr'>Serm.</span> <span class='ocrx_word' id='word_1_276' title='bbox 529 2557 622 2577; x_wconf 80' lang='lat' dir='ltr'>cccix</span> <span class='ocrx_word' id='word_1_277' title='bbox 635 2569 643 2584; x_wconf 90' lang='lat'><strong><em>‚</em></strong></span> <span class='ocrx_word' id='word_1_278' title='bbox 668 2556 759 2580; x_wconf 85' lang='lat' dir='ltr'>num.</span> <span class='ocrx_word' id='word_1_279' title='bbox 780 2553 812 2583; x_wconf 80' lang='grc'>4.</span> <span class='ocrx_word' id='word_1_280' title='bbox 835 2565 877 2569; x_wconf 94' lang='grc'><strong>-</strong></span> <span class='ocrx_word' id='word_1_281' title='bbox 900 2544 950 2590; x_wconf 76' lang='grc'>(4)</span> <span class='ocrx_word' id='word_1_282' title='bbox 969 2545 1236 2588; x_wconf 80' lang='lat' dir='ltr'>Cod.facientes.</span> <span class='ocrx_word' id='word_1_283' title='bbox 1255 2562 1298 2570; x_wconf 75' lang='lat'>....</span> <span class='ocrx_word' id='word_1_284' title='bbox 1323 2544 1372 2587; x_wconf 84' lang='lat'>(5)</span> <span class='ocrx_word' id='word_1_285' title='bbox 1403 2543 1452 2577; x_wconf 91' lang='lat' dir='ltr'>ld.</span> <span class='ocrx_word' id='word_1_286' title='bbox 1472 2543 1615 2574; x_wconf 83' lang='lat' dir='ltr'>omnium</span> <span class='ocrx_word' id='word_1_287' title='bbox 1639 2550 1781 2573; x_wconf 80' lang='lat' dir='ltr'>contem-</span> 
     </span>
     <span class='ocr_line' id='line_1_33' title="bbox 406 2597 1787 2647; baseline -0.004 -11"><span class='ocrx_word' id='word_1_288' title='bbox 406 2612 530 2637; x_wconf 77' lang='lat' dir='ltr'>nentes.</span> <span class='ocrx_word' id='word_1_289' title='bbox 553 2619 596 2626; x_wconf 85' lang='lat'>--</span> <span class='ocrx_word' id='word_1_290' title='bbox 624 2603 673 2644; x_wconf 77' lang='lat'>(6)</span> <span class='ocrx_word' id='word_1_291' title='bbox 701 2601 754 2636; x_wconf 84' lang='lat' dir='ltr'>Id.</span> <span class='ocrx_word' id='word_1_292' title='bbox 773 2602 938 2645; x_wconf 74' lang='lat' dir='ltr'>cupientes</span> <span class='ocrx_word' id='word_1_293' title='bbox 954 2603 1180 2638; x_wconf 83' lang='lat' dir='ltr'>decollare.—</span> <span class='ocrx_word' id='word_1_294' title='bbox 1200 2601 1249 2647; x_wconf 82' lang='lat'>(7)</span> <span class='ocrx_word' id='word_1_295' title='bbox 1265 2605 1361 2634; x_wconf 82' lang='lat' dir='ltr'>Deest</span> <span class='ocrx_word' id='word_1_296' title='bbox 1376 2608 1563 2633; x_wconf 78' lang='lat' dir='ltr'>veneratas.</span> <span class='ocrx_word' id='word_1_297' title='bbox 1576 2617 1624 2624; x_wconf 90' lang='lat'>—-</span> <span class='ocrx_word' id='word_1_298' title='bbox 1635 2600 1686 2642; x_wconf 78' lang='lat'>(8)</span> <span class='ocrx_word' id='word_1_299' title='bbox 1698 2597 1787 2634; x_wconf 78' lang='lat' dir='ltr'>Cod.</span> 
     </span>
     <span class='ocr_line' id='line_1_34' title="bbox 403 2668 812 2695; baseline -0.01 -1"><span class='ocrx_word' id='word_1_300' title='bbox 403 2669 625 2695; x_wconf 82' lang='lat' dir='ltr'>consummare</span> <span class='ocrx_word' id='word_1_301' title='bbox 643 2668 812 2694; x_wconf 80' lang='lat' dir='ltr'>coronam.</span> 
     </span>
    </p>
   </div>
  </div>
 </body>
</html>
