1868 3301
93 386 236 416 §Ep-luo
262 385 391 423 Lx'xv,
421 384 463 414 {N
495 382 651 413 NA‘rALi
680 384 714 414 5.
746 382 961 413 STEPHANI
990 382 1293 415 PROTo-MART.
1369 370 1461 432 399

93 451 196 495 Nam
220 451 251 491 si
277 449 515 506 Stephanus
544 464 625 491 non
658 449 830 498 suisset,
870 448 1042 492 forsitan
1068 450 1252 492 Ecclesia
1286 450 1462 494 Paulum

93 532 175 559 non
199 516 429 558 habuisset.
452 515 557 566 Quis
575 530 676 571 ergo
699 524 861 557 mentes
886 515 1105 557 hominum
1131 516 1463 560 illnminassetut

89 581 271 625 Paulus?
292 582 383 638 quis
417 582 576 623 Ductor
610 582 810 622 Gentium
832 581 848 622 ἱ)
881 581 972 637 quis
996 596 1064 621 vas
1090 582 1339 625 electionis?
1369 584 1461 640 quis

92 649 368 706 gubernasset
394 656 524 689 status
542 646 860 689 Ecclesiarum?
880 648 971 703 quis
992 647 1049 688 sic
1073 655 1277 703 portasset
1300 650 1463 705 pondus

92 723 134 757 et
153 721 278 756 aestns
295 713 484 755 omnium
511 712 729 754 fidelium?
753 713 844 769 quis
872 721 998 754 tantae
1021 712 1264 769 sapientiae?
1286 715 1376 770 quis
1400 729 1465 756 co—

91 780 236 822 lumna
251 780 414 836 templi,
432 787 479 820 ut
495 779 666 827 Paulus,
688 778 928 835 reperitur?
951 778 1145 836 Magnum
1164 794 1262 835 ergo
1287 782 1461 828 donum,

90 859 293 902 magnum
312 842 566 886 beneficium
583 877 592 893 ‚
614 859 813 900 magnum
837 852 878 886 et
898 844 1144 886 admirabile
1166 845 1462 894 ministerium,

91 912 204 967 quod
227 910 465 966 Stephanus
491 909 736 966 impetravit
764 911 939 952 orando.
969 909 1022 952 Et
1053 924 1153 952 ecce
1176 925 1288 952 nunc
1309 911 1462 953 Paulus

92 990 188 1018 cum
209 974 426 1032 Stephano
450 974 604 1017 Christi
630 975 835 1018 charitate
852 976 1111 1034 perfruitur,
1128 991 1225 1018 cum
1247 977 1466 1035 Stephano

91 1042 249 1084 exultat
270 1049 313 1084 et
339 1055 436 1083 cum
460 1056 510 1082 eo
535 1050 696 1098 regnat.
726 1041 801 1083 Ille
834 1044 905 1083 dat
937 1043 1176 1099 exemplum
1203 1043 1332 1084 veniae
1366 1057 1468 1085 con-

92 1106 352 1150 vertentibus
369 1140 379 1156 ,
412 1105 652 1164 Stephanus
676 1108 749 1148 dat
777 1109 1015 1165 exemplum
1039 1107 1185 1149 orandi
1224 1123 1300 1166 pro
1326 1123 1471 1167 perse-

92 1173 332 1231 quentibus.

155 1237 200 1280 V.
219 1237 481 1280 sanctissimi
506 1252 606 1296 ergo
630 1237 855 1295 Stephani,
882 1238 1029 1280 fratres
1049 1238 1300 1288 charissimi,
1321 1241 1468 1283 solem-

93 1305 201 1348 nitas
224 1319 373 1361 magna
393 1305 618 1347 devotione
641 1305 894 1347 celebranda
915 1314 978 1347 est
1001 1340 1009 1353 ,
1034 1306 1128 1362 quia
1153 1307 1307 1348 multos
1335 1306 1468 1349 Sane-

94 1379 233 1412 torum
256 1370 458 1426 praecellit
481 1371 643 1413 honore
660 1379 702 1412 et
722 1370 938 1428 dignitate.
962 1370 1041 1412 Sex
1062 1371 1119 1426 (ι)
1140 1372 1252 1413 enim
1277 1380 1466 1415 mortuos

95 1436 136 1478 in
177 1434 319 1478 Asi-ica
355 1435 621 1478 resuscitavit
651 1450 659 1476 :
699 1436 835 1493 primo
872 1435 1167 1493 presbyterum
1208 1437 1433 1493 quemdam
1455 1471 1466 1488 ,

95 1500 248 1543 deinde
269 1516 450 1558 puerum
469 1534 478 1550 ‚
502 1510 647 1558 postea
671 1502 1113 1548 sanctimonialem...‚
1133 1503 1319 1544 clamans
1343 1503 1383 1544 in
1413 1503 1470 1545 se-

95 1574 230 1614 retro,
250 1565 415 1608 cunctis
441 1565 684 1608 videntibus
703 1575 744 1608 et
764 1566 1034 1608 audientibus
1052 1599 1061 1613 ‚
1088 1567 1203 1608 velut
1219 1568 1345 1609 altera
1356 1568 1470 1610 Dru-

96 1631 224 1674 siana.
249 1630 412 1673 Deinde
436 1630 598 1686 juvenis
620 1631 790 1688 quidam
810 1646 830 1672 a
849 1631 1046 1673 curribus
1066 1631 1194 1673 boum
1219 1633 1471 1676 dilaceratus

97 1705 140 1739 et
161 1704 378 1744 mortuus3
405 1696 559 1737 deinde
587 1696 817 1738 infantulus
835 1705 1025 1752 portatus
1048 1711 1068 1738 a
1089 1705 1224 1738 matre
1243 1713 1338 1739 vere
1365 1713 1473 1740 mor-

98 1770 195 1803 tuus
219 1762 269 1802 ad
292 1759 490 1817 reliquias
517 1762 650 1802 sancti
687 1762 880 1818 Martyris
918 1762 1209 1810 resuscitatur,
1241 1763 1311 1818 qui
1342 1763 1468 1806 etiam

98 1833 287 1884 superest
300 1825 452 1868 adhuc.
470 1825 599 1868 Adest
615 1826 755 1883 igitur,
770 1826 919 1869 fratres
932 1827 1211 1875 dilectissimi,
1228 1828 1314 1869 dies
1334 1828 1374 1869 in
1391 1843 1471 1885 qua

98 1891 306 1949 lapidatus
328 1899 392 1932 est
413 1891 481 1932 ille
499 1890 753 1948 Stephanus,
772 1890 951 1933 Sanctus
976 1900 1217 1934 sanctorum
1239 1924 1250 1941 ,
1275 1895 1473 1950 splendor

100 1957 309 2013 justorum
344 1965 387 1999 et
409 1956 571 2014 gloria;
602 1956 718 1999 adest
747 1957 936 2015 Angelus
969 1958 1035 1999 ille
1069 1958 1255 2015 primns,
1291 1959 1362 2015 qui
1386 1960 1469 2003 suis

101 2023 263 2066 meritis
287 2023 444 2065 coelum
473 2022 636 2079 aperuit
662 2024 736 2079 (2),
765 2025 817 2065 ad
839 2023 961 2079 cujus
983 2033 1239 2080 praeceptum
1257 2033 1366 2067 terra
1392 2035 1471 2070 tre·

102 2088 209 2130 muit
228 2088 343 2143 (5)...
371 2088 559 2131 Pluviam
578 2089 801 2130 destinavit
818 2097 860 2131 et
887 2097 1183 2146 tempestatem
1207 2090 1333 2132 maris
1351 2093 1468 2134 seda·

102 2155 171 2196 vit.
195 2153 327 2196 Adest
351 2154 537 2212 Angelus
565 2154 634 2196 ille
659 2155 821 2212 primus
844 2155 913 2212 qui
931 2189 941 2203 ,
965 2164 1010 2197 ut
1035 2154 1207 2198 audistis
1225 2188 1236 2205 ,
1260 2172 1329 2198 sex
1355 2173 1472 2200 mor-

104 2229 197 2263 tuos
218 2220 505 2268 resuscitavit,
528 2219 700 2262 fratrem
724 2229 763 2262 et
787 2235 975 2264 sororem
1001 2237 1021 2263 a
1042 2221 1317 2263 concussione
1340 2237 1475 2264 mem-

104 2286 278 2328 brorum
308 2287 367 2343 (4)
394 2285 555 2327 sanavit
589 2300 598 2326 ε
626 2285 695 2327 hic
716 2285 839 2327 etiam
867 2285 1054 2328 infirmos
1079 2287 1335 2329 diversarum
1359 2287 1477 2329 insir-

104 2351 298 2394 mitatum
316 2350 490 2392 sanavit.
518 2350 572 2392 Et
588 2351 702 2407 quod
723 2350 859 2407 majus
880 2359 967 2401 est,
989 2352 1161 2394 Saulum
1177 2384 1186 2401 ,
1208 2360 1254 2394 ut
1276 2353 1447 2397 audistis
1466 2387 1475 2403 ‚

107 2418 158 2459 ad
180 2417 486 2460 consessionem
504 2415 602 2458 fidei
628 2417 854 2459 revocavit.

155 2519 203 2563 (ι)
221 2521 295 2552 Non
312 2530 384 2558 sex,
405 2518 459 2551 sed
486 2518 632 2562 quinque
656 2519 788 2552 inferius
807 2520 1008 2560 indicantnr;
1032 2526 1062 2553 at
1080 2520 1207 2552 videtur
1226 2520 1347 2564 aliquid
1368 2521 1475 2555 deesse

108 2580 181 2606 ante
211 2575 357 2605 clamans
381 2574 578 2617 inferecr03
601 2575 682 2609 forte
713 2574 834 2608 deinde
866 2575 970 2617 alins,
1006 2583 1068 2609 etc,
1095 2594 1140 2601 —
1168 2575 1219 2622 (2)
1249 2577 1328 2611 cod.
1361 2579 1478 2619 aperit.

107 2648 151 2655 —
169 2629 219 2675 (3)
248 2630 308 2662 Hic
327 2631 473 2674 quae-lam
506 2631 622 2663 desunt
653 2638 800 2675 tempore
817 2632 1013 2667 oblitterata.
1043 2649 1088 2656 -
1110 2631 1160 2676 (4)
1192 2635 1289 2664 Deest
1315 2634 1474 2665 membro-

109 2697 177 2717 rum
206 2686 238 2718 in
264 2686 335 2721 cod.
359 2687 479 2719 Notum
500 2692 546 2719 est
572 2686 633 2720 hoe
651 2688 892 2721 celeberrimum
919 2688 1103 2721 miraculum
1124 2698 1140 2719 a
1163 2694 1270 2720 saneto
1292 2689 1467 2730 Augustino

110 2748 284 2774 narratum.
