1885 3284
401 338 485 391 148
795 355 827 381 s,
875 352 1112 380 Arcirs‘ritvi
1155 351 1355 381 EP1500P1

393 429 455 463 ter
474 418 517 463 in
538 429 702 471 sanctae
724 418 1068 463 conversationis
1089 417 1241 462 itinere
1257 418 1395 463 tenuis
1416 429 1458 464 et
1482 418 1599 464 velut
1624 419 1771 465 aridus

390 489 575 552 incipit,
610 488 820 551 paulatim
854 506 954 534 vero
979 505 1054 550 per
1081 488 1348 533 incrementa
1375 490 1615 539 virtutum,
1647 490 1770 553 quasi

391 560 493 606 rivis
505 560 700 622 undique
711 559 1077 606 concurrentibus
1089 559 1364 605 convalescit.
1377 560 1585 624 Quisquis
1600 578 1699 621 ergo
1712 561 1771 606 ni-

393 629 503 675 titur
515 630 653 675 amnis
671 630 832 676 fluenta
850 631 1120 690 restringere)
1137 633 1256 689 juxta
1269 630 1399 675 fontis
1422 631 1585 676 aditum
1604 649 1771 678 necesse

389 711 450 744 est
470 711 635 760 satagat
660 701 886 746 obstacula
910 712 1170 746 convectare
1191 738 1200 749 .
1230 712 1277 746 ut
1295 701 1370 745 ubi
1392 702 1589 746 nondum
1618 703 1769 757 amnis,

391 770 465 816 sed
492 770 643 817 adhuc
675 772 793 817 rivus
813 772 1022 827 cernitur,
1054 771 1144 816 illic
1172 772 1376 816 obicibus
1410 772 1612 833 impactis
1648 772 1772 819 facile

389 842 668 905 reprimatur.
689 843 776 900 Qui
799 842 851 887 ad
873 843 1016 888 aulam
1048 860 1073 905 q
1085 859 1228 905 noque
1250 842 1407 902 regiam
1432 860 1670 905 properare
1688 843 1773 888 dis-

386 912 531 976 ponit,
558 913 602 958 in
626 914 720 976 ipso
743 913 923 976 quidem
948 913 1236 976 expeditionis
1262 913 1438 957 exordio
1457 950 1466 963 ,
1496 930 1598 958 cum
1621 914 1772 977 paucis

390 983 629 1044 egreditur,
656 985 919 1029 confluentis
933 995 1076 1029 autem
1106 983 1293 1029 subinde
1324 1001 1532 1028 numerus
1555 985 1772 1029 societatis

391 1066 585 1115 augetur.
599 1055 807 1119 Quisquis
825 1055 1014 1118 denique
1030 1055 1136 1100 huic
1157 1055 1286 1100 struit
1304 1054 1494 1109 insidias,
1512 1072 1596 1099 non
1615 1054 1772 1118 procul

384 1145 405 1172 a
429 1126 562 1172 domo
581 1127 724 1190 quoad
746 1127 1070 1191 (tjiegrediatur
1092 1127 1271 1179 dilatat,
1294 1138 1366 1173 ut.
1392 1126 1577 1171 necdum
1606 1127 1765 1172 consti-

384 1208 513 1262 patus
530 1198 812 1244 multitudine
830 1200 1170 1244 commeantium
1188 1237 1197 1250 ,
1223 1198 1467 1261 repentinos
1482 1197 1668 1260 impetus
1685 1216 1771 1244 non

382 1269 552 1314 evadat.
565 1271 690 1315 Tunc
713 1280 853 1315 autem
870 1270 1080 1314 veraciter
1095 1269 1148 1314 ad
1166 1287 1306 1329 regem
1320 1280 1516 1313 nostrum
1535 1286 1773 1332 properan-

391 1350 451 1385 tes
472 1340 552 1385 iter
572 1340 827 1402 incipimus,
850 1357 949 1385 cnm
981 1339 1112 1384 rudes
1138 1339 1288 1384 adbuc
1314 1339 1507 1402 novique
1539 1339 1695 1385 tirones
1729 1341 1770 1384 in

388 1411 629 1475 spiritualis
656 1410 823 1456 militiae
856 1422 1125 1455 sacramenta
1155 1414 1384 1470 juramus;
1432 1409 1504 1454 sed
1541 1411 1642 1472 quia
1663 1428 1771 1456 non-

388 1481 495 1527 dum
528 1481 1106 1545 spiritualium*studiorum
1136 1481 1306 1540 agmine
1331 1480 1771 1535 circumfundimur,

390 1552 579 1598 necdum
607 1551 885 1615 perfectionis
912 1552 1154 1596 virtutibus
1173 1551 1446 1606 roboramun
1484 1562 1588 1596 tunc
1608 1562 1773 1598 vetera-

387 1634 455 1669 tor
481 1623 549 1686 (2)
572 1623 708 1668 hostis
737 1633 833 1668 ante
864 1623 1009 1685 ipsum
1035 1621 1286 1681 egressionis
1318 1632 1478 1666 nostrae
1505 1621 1772 1667 vestibulum

387 1694 566 1740 insidias
592 1707 815 1757 praeparat
838 1730 848 1747 ‚
874 1694 951 1738 ubi
966 1693 1167 1738 versutiae
1193 1709 1280 1737 suae
1299 1691 1448 1747 dolos,
1474 1692 1551 1737 ubi
1577 1693 1774 1753 maligni-

393 1766 490 1811 tatis
516 1776 627 1810 artes
656 1775 697 1809 et
730 1764 935 1827 laqueos.
976 1764 1053 1809 ubi
1087 1764 1398 1826 deceptionum
1445 1763 1704 1823 machinas,
1733 1775 1776 1809 et

391 1836 538 1881 omnia
557 1833 773 1898 pestiferae
793 1834 1044 1880 calliditatis
1080 1844 1333 1894 argumenta
1360 1835 1621 1890 concinnat,
1661 1852 1773 1899 qua-

391 1917 514 1952 tenus
534 1906 678 1951 rivum
701 1905 851 1950 adhuc
868 1915 1039 1950 tenuem
1063 1905 1169 1950 boni
1189 1905 1334 1967 operis
1363 1904 1562 1949 obstruat
1582 1943 1590 1959 ‚
1616 1916 1657 1950 et
1676 1923 1774 1965 gra-

390 1976 605 2032 dientem,
632 1986 865 2038 antequam
886 1975 1229 2021 commeantium
1256 1976 1428 2035 agmine
1450 1975 1675 2032 fulciatur,
1703 1994 1774 2022 ex-

392 2048 577 2107 tinguat.
612 2045 696 2091 Sed
719 2049 832 2091 inter
858 2046 937 2091 has
954 2046 1206 2106 jaculorum
1232 2047 1604 2092 crebrescentium
1641 2065 1775 2108 gran—

392 2118 542 2169 dines,
585 2117 699 2162 inter
730 2117 831 2162 istas
872 2117 1087 2162 bellorum
1122 2118 1428 2177 ingruentium
1468 2129 1772 2182 tempestates,

392 2188 558 2236 Christi
586 2188 708 2233 miles
739 2205 827 2233 non
857 2187 1092 2233 formidine
1134 2188 1451 2238 contabescat,
1494 2206 1581 2234 non
1611 2188 1777 2236 fractus

394 2261 545 2306 labore
558 2259 752 2313 deficiat,
771 2259 841 2304 sed
861 2259 1039 2304 invictae
1054 2258 1156 2304 fidei
1178 2258 1336 2322 clypeo
1358 2261 1666 2323 praemunitus,
1687 2281 1775 2328 quo

396 2332 563 2378 acriora
605 2330 900 2376 infestantium
935 2330 1201 2376 luctatorum
1230 2331 1472 2376 certamina
1508 2333 1661 2380 tolerat
1682 2373 1691 2391 ‚
1725 2354 1775 2382 eo

396 2404 556 2450 certius
579 2401 750 2447 diutina
782 2402 859 2447 Dei
898 2401 1142 2447 auxiliantis
1169 2402 1425 2463 aspirationi
1449 2404 1643 2451 confidat
1661 2444 1671 2461 ,
1698 2424 1775 2453 nec

394 2490 574 2538 prorsus
602 2472 859 2528 addubitet,
883 2472 999 2536 quod
1024 2474 1057 2518 si
1080 2471 1148 2536 (3)
1169 2474 1327 2536 primae
1347 2475 1595 2521 tentationis
1617 2478 1775 2524 articu-

416 2561 490 2590 um
516 2543 677 2590 illaesus
701 2544 884 2590 evaserit
901 2581 913 2600 ‚
938 2543 1070 2607 paulo
1096 2555 1196 2607 post
1229 2545 1461 2590 roboratus
1498 2557 1540 2591 et
1571 2547 1740 2595 validus
1758 2587 1770 2606 ,

449 2683 495 2725 (ι)
513 2680 596 2714 Cod.
615 2680 718 2712 unde.
738 2697 783 2703 —
799 2676 853 2724 (2)
873 2678 921 2711 ld.
942 2688 1148 2713 veternosus.
1168 2698 1213 2704 —
1231 2681 1282 2722 (3)
1297 2680 1349 2714 Id.
1369 2682 1475 2722 quasi.
