<?xml version="1.0" encoding="UTF-8"?>
<!DOCTYPE html PUBLIC "-//W3C//DTD XHTML 1.0 Transitional//EN"
    "http://www.w3.org/TR/xhtml1/DTD/xhtml1-transitional.dtd">
<html xmlns="http://www.w3.org/1999/xhtml" xml:lang="en" lang="en">
 <head>
  <title>
</title>
<meta http-equiv="Content-Type" content="text/html;charset=utf-8" />
  <meta name='ocr-system' content='tesseract 3.04.00' />
  <meta name='ocr-capabilities' content='ocr_page ocr_carea ocr_par ocr_line ocrx_word'/>
</head>
<body>
  <div class='ocr_page' id='page_1' title='image "./p2operaomniaaccu24auguuoft_0517.png"; bbox 0 0 1868 3301; ppageno 0'>
   <div class='ocr_carea' id='block_1_1' title="bbox 372 231 1521 296">
    <p class='ocr_par' dir='ltr' id='par_1_1' title="bbox 372 231 1521 296">
     <span class='ocr_line' id='line_1_1' title="bbox 372 231 1521 296; baseline -0.005 -12"><span class='ocrx_word' id='word_1_1' title='bbox 372 251 499 284; x_wconf 69' lang='lat' dir='ltr'><strong>unna</strong></span> <span class='ocrx_word' id='word_1_2' title='bbox 536 252 593 282; x_wconf 70' lang='grc' dir='ltr'><strong>οε</strong></span> <span class='ocrx_word' id='word_1_3' title='bbox 628 252 832 282; x_wconf 67' lang='lat' dir='ltr'><strong>ominus</strong></span> <span class='ocrx_word' id='word_1_4' title='bbox 868 250 1157 294; x_wconf 71' lang='lat' dir='ltr'><strong>vm&#39;rurfflns,</strong></span> <span class='ocrx_word' id='word_1_5' title='bbox 1196 246 1288 280; x_wconf 70' lang='lat' dir='ltr'><strong>mc.</strong></span> <span class='ocrx_word' id='word_1_6' title='bbox 1429 231 1521 296; x_wconf 78' lang='lat'><strong>507</strong></span> 
     </span>
    </p>
   </div>
   <div class='ocr_carea' id='block_1_2' title="bbox 150 315 1533 2644">
    <p class='ocr_par' dir='ltr' id='par_1_2' title="bbox 150 315 1533 2472">
     <span class='ocr_line' id='line_1_2' title="bbox 156 315 1521 375; baseline -0.004 -13"><span class='ocrx_word' id='word_1_7' title='bbox 156 320 235 363; x_wconf 91' lang='lat' dir='ltr'><strong>Dei</strong></span> <span class='ocrx_word' id='word_1_8' title='bbox 258 320 313 362; x_wconf 88' lang='lat' dir='ltr'><strong>ita</strong></span> <span class='ocrx_word' id='word_1_9' title='bbox 340 320 397 375; x_wconf 89' lang='lat'><strong>(1)</strong></span> <span class='ocrx_word' id='word_1_10' title='bbox 432 318 611 366; x_wconf 82' lang='lat' dir='ltr'><strong>ditatus,</strong></span> <span class='ocrx_word' id='word_1_11' title='bbox 648 327 694 360; x_wconf 87' lang='lat' dir='ltr'><strong>ut</strong></span> <span class='ocrx_word' id='word_1_12' title='bbox 731 319 820 360; x_wconf 88' lang='lat' dir='ltr'><strong>sine</strong></span> <span class='ocrx_word' id='word_1_13' title='bbox 851 318 1145 365; x_wconf 73' lang='lat' dir='ltr'>meditatione,</span> <span class='ocrx_word' id='word_1_14' title='bbox 1174 316 1246 357; x_wconf 83' lang='lat' dir='ltr'><strong>sed</strong></span> <span class='ocrx_word' id='word_1_15' title='bbox 1279 315 1369 356; x_wconf 89' lang='lat' dir='ltr'><strong>solo</strong></span> <span class='ocrx_word' id='word_1_16' title='bbox 1407 322 1521 357; x_wconf 88' lang='lat' dir='ltr'><strong>tactu</strong></span> 
     </span>
     <span class='ocr_line' id='line_1_3' title="bbox 152 382 1518 435; baseline -0.004 -7"><span class='ocrx_word' id='word_1_17' title='bbox 152 386 326 433; x_wconf 67' lang='lat' dir='ltr'><strong>manus,</strong></span> <span class='ocrx_word' id='word_1_18' title='bbox 352 391 421 426; x_wconf 88' lang='lat' dir='ltr'><strong>aut</strong></span> <span class='ocrx_word' id='word_1_19' title='bbox 441 383 522 425; x_wconf 86' lang='lat' dir='ltr'><strong>olei</strong></span> <span class='ocrx_word' id='word_1_20' title='bbox 546 384 763 434; x_wconf 87' lang='lat' dir='ltr'><strong>unctione,</strong></span> <span class='ocrx_word' id='word_1_21' title='bbox 778 384 886 426; x_wconf 85' lang='lat' dir='ltr'><strong>sacta</strong></span> <span class='ocrx_word' id='word_1_22' title='bbox 901 382 1090 425; x_wconf 74' lang='lat' dir='ltr'><strong>oratione</strong></span> <span class='ocrx_word' id='word_1_23' title='bbox 1105 414 1114 429; x_wconf 93' lang='lat'><em>‚</em></span> <span class='ocrx_word' id='word_1_24' title='bbox 1142 389 1307 423; x_wconf 89' lang='lat' dir='ltr'><strong>sanaret</strong></span> <span class='ocrx_word' id='word_1_25' title='bbox 1327 389 1518 435; x_wconf 80' lang='lat' dir='ltr'><strong>aegrotos.</strong></span> 
     </span>
     <span class='ocr_line' id='line_1_4' title="bbox 152 445 1524 505; baseline -0.004 -14"><span class='ocrx_word' id='word_1_26' title='bbox 152 449 230 492; x_wconf 92' lang='lat' dir='ltr'><strong>Hic</strong></span> <span class='ocrx_word' id='word_1_27' title='bbox 252 449 385 491; x_wconf 81' lang='lat' dir='ltr'><strong>fertur</strong></span> <span class='ocrx_word' id='word_1_28' title='bbox 407 448 601 490; x_wconf 78' lang='lat' dir='ltr'><strong>incidisse</strong></span> <span class='ocrx_word' id='word_1_29' title='bbox 639 448 919 505; x_wconf 79' lang='lat' dir='ltr'><strong>hydropicam</strong></span> <span class='ocrx_word' id='word_1_30' title='bbox 952 445 1264 494; x_wconf 83' lang='lat' dir='ltr'><strong>infirmitatem,</strong></span> <span class='ocrx_word' id='word_1_31' title='bbox 1300 451 1341 486; x_wconf 89' lang='lat' dir='ltr'><strong>et</strong></span> <span class='ocrx_word' id='word_1_32' title='bbox 1364 452 1524 486; x_wconf 86' lang='lat' dir='ltr'><strong>tantum</strong></span> 
     </span>
     <span class='ocr_line' id='line_1_5' title="bbox 152 510 1523 571; baseline -0.004 -14"><span class='ocrx_word' id='word_1_33' title='bbox 152 513 244 571; x_wconf 84' lang='lat' dir='ltr'><strong>ejus</strong></span> <span class='ocrx_word' id='word_1_34' title='bbox 264 528 417 570; x_wconf 89' lang='lat' dir='ltr'><strong>corpus</strong></span> <span class='ocrx_word' id='word_1_35' title='bbox 439 513 712 561; x_wconf 74' lang='lat' dir='ltr'><strong>intumuisse,</strong></span> <span class='ocrx_word' id='word_1_36' title='bbox 736 522 883 556; x_wconf 90' lang='lat' dir='ltr'><strong>utnon</strong></span> <span class='ocrx_word' id='word_1_37' title='bbox 903 520 1045 570; x_wconf 88' lang='lat' dir='ltr'><strong>posset</strong></span> <span class='ocrx_word' id='word_1_38' title='bbox 1069 526 1142 568; x_wconf 91' lang='lat' dir='ltr'><strong>per</strong></span> <span class='ocrx_word' id='word_1_39' title='bbox 1166 511 1334 565; x_wconf 86' lang='lat' dir='ltr'><strong>januam</strong></span> <span class='ocrx_word' id='word_1_40' title='bbox 1362 510 1523 552; x_wconf 81' lang='lat' dir='ltr'><strong>cellulae</strong></span> 
     </span>
     <span class='ocr_line' id='line_1_6' title="bbox 153 575 1520 634; baseline -0.004 -13"><span class='ocrx_word' id='word_1_41' title='bbox 153 595 264 627; x_wconf 83' lang='lat' dir='ltr'><strong>suae,</strong></span> <span class='ocrx_word' id='word_1_42' title='bbox 297 579 336 621; x_wconf 90' lang='lat' dir='ltr'><strong>in</strong></span> <span class='ocrx_word' id='word_1_43' title='bbox 376 593 454 634; x_wconf 86' lang='lat' dir='ltr'><strong>qua</strong></span> <span class='ocrx_word' id='word_1_44' title='bbox 478 577 697 620; x_wconf 82' lang='lat' dir='ltr'><strong>habitabat</strong></span> <span class='ocrx_word' id='word_1_45' title='bbox 724 578 903 628; x_wconf 83' lang='lat' dir='ltr'><strong>deferri,</strong></span> <span class='ocrx_word' id='word_1_46' title='bbox 944 577 1022 620; x_wconf 85' lang='lat' dir='ltr'><strong>nisi</strong></span> <span class='ocrx_word' id='word_1_47' title='bbox 1061 576 1214 617; x_wconf 87' lang='lat' dir='ltr'><strong>tabnlae</strong></span> <span class='ocrx_word' id='word_1_48' title='bbox 1247 583 1342 617; x_wconf 87' lang='lat' dir='ltr'><strong>ante</strong></span> <span class='ocrx_word' id='word_1_49' title='bbox 1376 575 1520 630; x_wconf 84' lang='lat' dir='ltr'><strong>positae</strong></span> 
     </span>
     <span class='ocr_line' id='line_1_7' title="bbox 152 643 1524 700; baseline -0.006 -12"><span class='ocrx_word' id='word_1_50' title='bbox 152 645 326 688; x_wconf 84' lang='lat' dir='ltr'><strong>sublatae</strong></span> <span class='ocrx_word' id='word_1_51' title='bbox 343 643 535 685; x_wconf 83' lang='lat' dir='ltr'><strong>fuissent.</strong></span> <span class='ocrx_word' id='word_1_52' title='bbox 559 643 637 685; x_wconf 91' lang='lat' dir='ltr'><strong>Hic</strong></span> <span class='ocrx_word' id='word_1_53' title='bbox 655 659 755 699; x_wconf 80' lang='lat' dir='ltr'><strong>ergo</strong></span> <span class='ocrx_word' id='word_1_54' title='bbox 768 643 972 700; x_wconf 82' lang='lat' dir='ltr'><strong>passionis</strong></span> <span class='ocrx_word' id='word_1_55' title='bbox 985 657 1068 684; x_wconf 85' lang='lat' dir='ltr'><strong>suae</strong></span> <span class='ocrx_word' id='word_1_56' title='bbox 1087 650 1410 697; x_wconf 88' lang='lat' dir='ltr'><strong>tempore‚pene</strong></span> <span class='ocrx_word' id='word_1_57' title='bbox 1427 648 1524 681; x_wconf 92' lang='lat' dir='ltr'><strong>octo</strong></span> 
     </span>
     <span class='ocr_line' id='line_1_8' title="bbox 152 705 1529 756; baseline -0.006 -3"><span class='ocrx_word' id='word_1_58' title='bbox 152 709 369 753; x_wconf 88' lang='lat' dir='ltr'><strong>mensibus</strong></span> <span class='ocrx_word' id='word_1_59' title='bbox 386 716 482 750; x_wconf 88' lang='lat' dir='ltr'><strong>ante</strong></span> <span class='ocrx_word' id='word_1_60' title='bbox 496 716 697 756; x_wconf 81' lang='lat' dir='ltr'><strong>mortem,</strong></span> <span class='ocrx_word' id='word_1_61' title='bbox 717 707 827 750; x_wconf 88' lang='lat' dir='ltr'><strong>bene</strong></span> <span class='ocrx_word' id='word_1_62' title='bbox 852 709 893 750; x_wconf 91' lang='lat' dir='ltr'><strong>in</strong></span> <span class='ocrx_word' id='word_1_63' title='bbox 915 708 1016 750; x_wconf 89' lang='lat' dir='ltr'><strong>sella</strong></span> <span class='ocrx_word' id='word_1_64' title='bbox 1029 705 1229 748; x_wconf 87' lang='lat' dir='ltr'><strong>latissima</strong></span> <span class='ocrx_word' id='word_1_65' title='bbox 1248 705 1395 746; x_wconf 86' lang='lat' dir='ltr'><strong>sedens</strong></span> <span class='ocrx_word' id='word_1_66' title='bbox 1411 719 1529 746; x_wconf 89' lang='lat' dir='ltr'><strong>cura-</strong></span> 
     </span>
     <span class='ocr_line' id='line_1_9' title="bbox 154 770 1525 830; baseline -0.005 -13"><span class='ocrx_word' id='word_1_67' title='bbox 154 775 224 817; x_wconf 86' lang='lat' dir='ltr'><strong>bat</strong></span> <span class='ocrx_word' id='word_1_68' title='bbox 248 773 494 816; x_wconf 90' lang='lat' dir='ltr'><strong>solemniter</strong></span> <span class='ocrx_word' id='word_1_69' title='bbox 523 781 796 830; x_wconf 72' lang='lat' dir='ltr'><strong>aegrotantes,</strong></span> <span class='ocrx_word' id='word_1_70' title='bbox 827 788 910 815; x_wconf 88' lang='lat' dir='ltr'><strong>non</strong></span> <span class='ocrx_word' id='word_1_71' title='bbox 940 772 1122 829; x_wconf 80' lang='lat' dir='ltr'><strong>graviter</strong></span> <span class='ocrx_word' id='word_1_72' title='bbox 1143 770 1282 812; x_wconf 87' lang='lat' dir='ltr'><strong>serens</strong></span> <span class='ocrx_word' id='word_1_73' title='bbox 1305 772 1419 826; x_wconf 84' lang='lat' dir='ltr'><strong>quod</strong></span> <span class='ocrx_word' id='word_1_74' title='bbox 1441 785 1525 811; x_wconf 73' lang='lat' dir='ltr'><strong>sua:</strong></span> 
     </span>
     <span class='ocr_line' id='line_1_10' title="bbox 151 837 1522 898; baseline -0.003 -16"><span class='ocrx_word' id='word_1_75' title='bbox 151 838 393 898; x_wconf 84' lang='lat' dir='ltr'><strong>aegritudini</strong></span> <span class='ocrx_word' id='word_1_76' title='bbox 417 853 501 880; x_wconf 88' lang='lat' dir='ltr'><strong>non</strong></span> <span class='ocrx_word' id='word_1_77' title='bbox 520 840 753 896; x_wconf 81' lang='lat' dir='ltr'><strong>prodesset,</strong></span> <span class='ocrx_word' id='word_1_78' title='bbox 774 838 987 881; x_wconf 84' lang='lat' dir='ltr'><strong>sedetiam</strong></span> <span class='ocrx_word' id='word_1_79' title='bbox 1006 837 1317 878; x_wconf 78' lang='lat' dir='ltr'><strong>circumdantes</strong></span> <span class='ocrx_word' id='word_1_80' title='bbox 1335 837 1522 878; x_wconf 81' lang='lat' dir='ltr'><strong>consola-</strong></span> 
     </span>
     <span class='ocr_line' id='line_1_11' title="bbox 152 901 1528 961; baseline -0.004 -14"><span class='ocrx_word' id='word_1_81' title='bbox 152 905 293 953; x_wconf 87' lang='lat' dir='ltr'><strong>hatur,</strong></span> <span class='ocrx_word' id='word_1_82' title='bbox 307 912 348 946; x_wconf 91' lang='lat' dir='ltr'><strong>et</strong></span> <span class='ocrx_word' id='word_1_83' title='bbox 371 902 696 961; x_wconf 82' lang='lat' dir='ltr'><strong>deprecabatur,</strong></span> <span class='ocrx_word' id='word_1_84' title='bbox 721 912 768 945; x_wconf 90' lang='lat' dir='ltr'><strong>ut</strong></span> <span class='ocrx_word' id='word_1_85' title='bbox 790 912 987 961; x_wconf 83' lang='lat' dir='ltr'><strong>rogarent</strong></span> <span class='ocrx_word' id='word_1_86' title='bbox 1007 903 1142 945; x_wconf 92' lang='lat' dir='ltr'><strong>Deum</strong></span> <span class='ocrx_word' id='word_1_87' title='bbox 1165 917 1241 959; x_wconf 89' lang='lat' dir='ltr'><strong>pro</strong></span> <span class='ocrx_word' id='word_1_88' title='bbox 1265 902 1400 943; x_wconf 89' lang='lat' dir='ltr'><strong>anima</strong></span> <span class='ocrx_word' id='word_1_89' title='bbox 1419 901 1528 957; x_wconf 86' lang='lat' dir='ltr'><strong>ejus,</strong></span> 
     </span>
     <span class='ocr_line' id='line_1_12' title="bbox 152 967 1529 1026; baseline -0.004 -13"><span class='ocrx_word' id='word_1_90' title='bbox 152 978 194 1014; x_wconf 85' lang='lat' dir='ltr'><strong>et</strong></span> <span class='ocrx_word' id='word_1_91' title='bbox 217 971 270 1012; x_wconf 86' lang='lat' dir='ltr'><strong>de</strong></span> <span class='ocrx_word' id='word_1_92' title='bbox 290 983 471 1026; x_wconf 90' lang='lat' dir='ltr'><strong>corpore</strong></span> <span class='ocrx_word' id='word_1_93' title='bbox 488 983 573 1010; x_wconf 90' lang='lat' dir='ltr'><strong>non</strong></span> <span class='ocrx_word' id='word_1_94' title='bbox 602 978 831 1018; x_wconf 87' lang='lat' dir='ltr'><strong>curarent,</strong></span> <span class='ocrx_word' id='word_1_95' title='bbox 855 970 950 1026; x_wconf 89' lang='lat' dir='ltr'><strong>quia</strong></span> <span class='ocrx_word' id='word_1_96' title='bbox 968 1002 978 1021; x_wconf 86' lang='lat'><strong>,</strong></span> <span class='ocrx_word' id='word_1_97' title='bbox 1002 968 1102 1010; x_wconf 87' lang='lat' dir='ltr'><strong>dum</strong></span> <span class='ocrx_word' id='word_1_98' title='bbox 1124 982 1248 1010; x_wconf 87' lang='lat' dir='ltr'><strong>sanus</strong></span> <span class='ocrx_word' id='word_1_99' title='bbox 1264 975 1403 1016; x_wconf 86' lang='lat' dir='ltr'><strong>esset,</strong></span> <span class='ocrx_word' id='word_1_100' title='bbox 1425 967 1529 1009; x_wconf 89' lang='lat' dir='ltr'><strong>nihil</strong></span> 
     </span>
     <span class='ocr_line' id='line_1_13' title="bbox 151 1032 1530 1093; baseline -0.004 -14"><span class='ocrx_word' id='word_1_101' title='bbox 151 1035 231 1079; x_wconf 82' lang='lat' dir='ltr'><strong>sibi</strong></span> <span class='ocrx_word' id='word_1_102' title='bbox 250 1033 456 1093; x_wconf 83' lang='lat' dir='ltr'><strong>profuisse</strong></span> <span class='ocrx_word' id='word_1_103' title='bbox 469 1034 650 1076; x_wconf 88' lang='lat' dir='ltr'><strong>dicebat.</strong></span> <span class='ocrx_word' id='word_1_104' title='bbox 669 1035 794 1077; x_wconf 89' lang='lat' dir='ltr'><strong>Hunc</strong></span> <span class='ocrx_word' id='word_1_105' title='bbox 811 1034 1034 1091; x_wconf 89' lang='lat' dir='ltr'><strong>Benjamin</strong></span> <span class='ocrx_word' id='word_1_106' title='bbox 1047 1032 1201 1075; x_wconf 88' lang='lat' dir='ltr'><strong>imitari</strong></span> <span class='ocrx_word' id='word_1_107' title='bbox 1218 1033 1355 1080; x_wconf 86' lang='lat' dir='ltr'><strong>stude,</strong></span> <span class='ocrx_word' id='word_1_108' title='bbox 1371 1046 1396 1073; x_wconf 94' lang='lat' dir='ltr'><strong>o</strong></span> <span class='ocrx_word' id='word_1_109' title='bbox 1413 1046 1530 1074; x_wconf 85' lang='lat' dir='ltr'><strong>sanc-</strong></span> 
     </span>
     <span class='ocr_line' id='line_1_14' title="bbox 150 1097 1529 1154; baseline -0.004 -11"><span class='ocrx_word' id='word_1_110' title='bbox 150 1101 311 1143; x_wconf 88' lang='lat' dir='ltr'><strong>tissima</strong></span> <span class='ocrx_word' id='word_1_111' title='bbox 351 1099 509 1148; x_wconf 80' lang='lat' dir='ltr'><strong>Mater3</strong></span> <span class='ocrx_word' id='word_1_112' title='bbox 555 1099 597 1141; x_wconf 90' lang='lat' dir='ltr'><strong>in</strong></span> <span class='ocrx_word' id='word_1_113' title='bbox 635 1100 832 1142; x_wconf 88' lang='lat' dir='ltr'><strong>omnibus</strong></span> <span class='ocrx_word' id='word_1_114' title='bbox 864 1098 1187 1141; x_wconf 88' lang='lat' dir='ltr'><strong>Infirmitatibus</strong></span> <span class='ocrx_word' id='word_1_115' title='bbox 1223 1097 1326 1146; x_wconf 80' lang='lat' dir='ltr'><strong>tuis,</strong></span> <span class='ocrx_word' id='word_1_116' title='bbox 1365 1112 1529 1154; x_wconf 84' lang='lat' dir='ltr'><strong>semper</strong></span> 
     </span>
     <span class='ocr_line' id='line_1_15' title="bbox 151 1163 1529 1225; baseline -0.004 -16"><span class='ocrx_word' id='word_1_117' title='bbox 151 1166 305 1225; x_wconf 83' lang='lat' dir='ltr'><strong>gratias</strong></span> <span class='ocrx_word' id='word_1_118' title='bbox 336 1167 424 1208; x_wconf 93' lang='lat' dir='ltr'><strong>Deo</strong></span> <span class='ocrx_word' id='word_1_119' title='bbox 446 1166 568 1207; x_wconf 91' lang='lat' dir='ltr'><strong>stude</strong></span> <span class='ocrx_word' id='word_1_120' title='bbox 601 1166 774 1209; x_wconf 88' lang='lat' dir='ltr'><strong>referre.</strong></span> <span class='ocrx_word' id='word_1_121' title='bbox 818 1166 974 1208; x_wconf 85' lang='lat' dir='ltr'><strong>Audiat</strong></span> <span class='ocrx_word' id='word_1_122' title='bbox 1013 1164 1183 1207; x_wconf 90' lang='lat' dir='ltr'><strong>dilectio</strong></span> <span class='ocrx_word' id='word_1_123' title='bbox 1218 1171 1289 1205; x_wconf 89' lang='lat' dir='ltr'><strong>tua</strong></span> <span class='ocrx_word' id='word_1_124' title='bbox 1322 1164 1374 1205; x_wconf 90' lang='lat' dir='ltr'><strong>de</strong></span> <span class='ocrx_word' id='word_1_125' title='bbox 1405 1163 1529 1205; x_wconf 90' lang='lat' dir='ltr'><strong>beato</strong></span> 
     </span>
     <span class='ocr_line' id='line_1_16' title="bbox 151 1229 1529 1289; baseline -0.002 -16"><span class='ocrx_word' id='word_1_126' title='bbox 151 1231 368 1289; x_wconf 88' lang='lat' dir='ltr'><strong>Stephano</strong></span> <span class='ocrx_word' id='word_1_127' title='bbox 390 1230 601 1273; x_wconf 84' lang='lat' dir='ltr'><strong>monacho</strong></span> <span class='ocrx_word' id='word_1_128' title='bbox 616 1263 628 1280; x_wconf 92' lang='lat'><em>‚</em></span> <span class='ocrx_word' id='word_1_129' title='bbox 652 1231 834 1287; x_wconf 85' lang='lat' dir='ltr'><strong>qualiter</strong></span> <span class='ocrx_word' id='word_1_130' title='bbox 858 1231 901 1273; x_wconf 90' lang='lat' dir='ltr'><strong>in</strong></span> <span class='ocrx_word' id='word_1_131' title='bbox 924 1229 1247 1273; x_wconf 87' lang='lat' dir='ltr'><strong>Infirmitatibus</strong></span> <span class='ocrx_word' id='word_1_132' title='bbox 1267 1229 1421 1286; x_wconf 83' lang='lat' dir='ltr'><strong>gratias</strong></span> <span class='ocrx_word' id='word_1_133' title='bbox 1442 1229 1529 1271; x_wconf 86' lang='lat' dir='ltr'><strong>Deo</strong></span> 
     </span>
     <span class='ocr_line' id='line_1_17' title="bbox 152 1295 1533 1354; baseline -0.004 -13"><span class='ocrx_word' id='word_1_134' title='bbox 152 1297 361 1341; x_wconf 82' lang='lat' dir='ltr'><strong>studuerit</strong></span> <span class='ocrx_word' id='word_1_135' title='bbox 384 1297 574 1339; x_wconf 82' lang='lat' dir='ltr'><strong>reddere.</strong></span> <span class='ocrx_word' id='word_1_136' title='bbox 599 1296 838 1354; x_wconf 87' lang='lat' dir='ltr'><strong>Stephanus</strong></span> <span class='ocrx_word' id='word_1_137' title='bbox 856 1305 1014 1346; x_wconf 90' lang='lat' dir='ltr'><strong>autem,</strong></span> <span class='ocrx_word' id='word_1_138' title='bbox 1033 1297 1104 1354; x_wconf 90' lang='lat' dir='ltr'><strong>qui</strong></span> <span class='ocrx_word' id='word_1_139' title='bbox 1127 1296 1238 1338; x_wconf 88' lang='lat' dir='ltr'><strong>circa</strong></span> <span class='ocrx_word' id='word_1_140' title='bbox 1262 1310 1377 1337; x_wconf 84' lang='lat' dir='ltr'><strong>mare</strong></span> <span class='ocrx_word' id='word_1_141' title='bbox 1400 1295 1533 1337; x_wconf 88' lang='lat' dir='ltr'><strong>Ocea-</strong></span> 
     </span>
     <span class='ocr_line' id='line_1_18' title="bbox 151 1360 1525 1420; baseline -0.004 -14"><span class='ocrx_word' id='word_1_142' title='bbox 151 1378 255 1406; x_wconf 90' lang='lat' dir='ltr'><strong>num</strong></span> <span class='ocrx_word' id='word_1_143' title='bbox 285 1362 533 1411; x_wconf 86' lang='lat' dir='ltr'><strong>habitabat,</strong></span> <span class='ocrx_word' id='word_1_144' title='bbox 572 1362 756 1419; x_wconf 85' lang='lat' dir='ltr'><strong>persecta</strong></span> <span class='ocrx_word' id='word_1_145' title='bbox 785 1364 941 1420; x_wconf 86' lang='lat' dir='ltr'><strong>degens</strong></span> <span class='ocrx_word' id='word_1_146' title='bbox 971 1371 1013 1405; x_wconf 90' lang='lat' dir='ltr'><strong>et</strong></span> <span class='ocrx_word' id='word_1_147' title='bbox 1042 1363 1204 1420; x_wconf 84' lang='lat' dir='ltr'><strong>integra</strong></span> <span class='ocrx_word' id='word_1_148' title='bbox 1231 1360 1493 1404; x_wconf 89' lang='lat' dir='ltr'><strong>continentia</strong></span> <span class='ocrx_word' id='word_1_149' title='bbox 1514 1393 1525 1410; x_wconf 91' lang='lat'><strong>,</strong></span> 
     </span>
     <span class='ocr_line' id='line_1_19' title="bbox 152 1426 1531 1484; baseline -0.002 -14"><span class='ocrx_word' id='word_1_150' title='bbox 152 1428 266 1471; x_wconf 84' lang='lat' dir='ltr'><strong>circa</strong></span> <span class='ocrx_word' id='word_1_151' title='bbox 287 1427 500 1484; x_wconf 80' lang='lat' dir='ltr'><strong>sexaginta</strong></span> <span class='ocrx_word' id='word_1_152' title='bbox 523 1441 654 1469; x_wconf 85' lang='lat' dir='ltr'><strong>annos</strong></span> <span class='ocrx_word' id='word_1_153' title='bbox 676 1428 996 1484; x_wconf 86' lang='lat' dir='ltr'><strong>probatissimus</strong></span> <span class='ocrx_word' id='word_1_154' title='bbox 1028 1427 1262 1470; x_wconf 88' lang='lat' dir='ltr'><strong>monachus</strong></span> <span class='ocrx_word' id='word_1_155' title='bbox 1299 1426 1392 1468; x_wconf 83' lang='lat' dir='ltr'><strong>fuit.</strong></span> <span class='ocrx_word' id='word_1_156' title='bbox 1431 1426 1531 1467; x_wconf 90' lang='lat' dir='ltr'><strong>Fuit</strong></span> 
     </span>
     <span class='ocr_line' id='line_1_20' title="bbox 153 1492 1530 1550; baseline -0.003 -14"><span class='ocrx_word' id='word_1_157' title='bbox 153 1501 294 1536; x_wconf 87' lang='lat' dir='ltr'><strong>autem</strong></span> <span class='ocrx_word' id='word_1_158' title='bbox 316 1501 359 1535; x_wconf 90' lang='lat' dir='ltr'><strong>et</strong></span> <span class='ocrx_word' id='word_1_159' title='bbox 379 1492 565 1534; x_wconf 86' lang='lat' dir='ltr'><strong>Antonio</strong></span> <span class='ocrx_word' id='word_1_160' title='bbox 592 1507 746 1550; x_wconf 84' lang='lat' dir='ltr'><strong>magno</strong></span> <span class='ocrx_word' id='word_1_161' title='bbox 767 1494 1011 1536; x_wconf 89' lang='lat' dir='ltr'><strong>notissimus</strong></span> <span class='ocrx_word' id='word_1_162' title='bbox 1029 1526 1040 1543; x_wconf 91' lang='lat'><strong>,</strong></span> <span class='ocrx_word' id='word_1_163' title='bbox 1065 1502 1107 1535; x_wconf 91' lang='lat' dir='ltr'><strong>et</strong></span> <span class='ocrx_word' id='word_1_164' title='bbox 1125 1492 1435 1535; x_wconf 89' lang='lat' dir='ltr'><strong>amantissimus</strong></span> <span class='ocrx_word' id='word_1_165' title='bbox 1453 1524 1463 1541; x_wconf 86' lang='lat'><em>‚</em></span> <span class='ocrx_word' id='word_1_166' title='bbox 1488 1499 1530 1533; x_wconf 89' lang='lat' dir='ltr'><strong>et</strong></span> 
     </span>
     <span class='ocr_line' id='line_1_21' title="bbox 152 1557 1531 1617; baseline -0.004 -15"><span class='ocrx_word' id='word_1_167' title='bbox 152 1560 336 1617; x_wconf 85' lang='lat' dir='ltr'><strong>sapiens,</strong></span> <span class='ocrx_word' id='word_1_168' title='bbox 350 1557 566 1600; x_wconf 90' lang='lat' dir='ltr'><strong>locutione</strong></span> <span class='ocrx_word' id='word_1_169' title='bbox 585 1559 721 1600; x_wconf 87' lang='lat' dir='ltr'><strong>suavis</strong></span> <span class='ocrx_word' id='word_1_170' title='bbox 734 1567 776 1601; x_wconf 89' lang='lat' dir='ltr'><strong>et</strong></span> <span class='ocrx_word' id='word_1_171' title='bbox 792 1559 918 1600; x_wconf 84' lang='lat' dir='ltr'><strong>utilis.</strong></span> <span class='ocrx_word' id='word_1_172' title='bbox 941 1559 1216 1601; x_wconf 85' lang='lat' dir='ltr'><strong>Tristantium</strong></span> <span class='ocrx_word' id='word_1_173' title='bbox 1233 1557 1531 1599; x_wconf 86' lang='lat' dir='ltr'><strong>consolabatur</strong></span> 
     </span>
     <span class='ocr_line' id='line_1_22' title="bbox 154 1623 1530 1678; baseline -0.002 -11"><span class='ocrx_word' id='word_1_174' title='bbox 154 1625 334 1671; x_wconf 85' lang='lat' dir='ltr'><strong>animos,</strong></span> <span class='ocrx_word' id='word_1_175' title='bbox 357 1631 399 1664; x_wconf 91' lang='lat' dir='ltr'><strong>et</strong></span> <span class='ocrx_word' id='word_1_176' title='bbox 419 1623 703 1678; x_wconf 79' lang='lat' dir='ltr'><strong>lacrymantes</strong></span> <span class='ocrx_word' id='word_1_177' title='bbox 725 1624 973 1671; x_wconf 86' lang='lat' dir='ltr'><strong>revocabat;</strong></span> <span class='ocrx_word' id='word_1_178' title='bbox 998 1624 1030 1665; x_wconf 91' lang='lat' dir='ltr'><strong>si</strong></span> <span class='ocrx_word' id='word_1_179' title='bbox 1053 1634 1094 1666; x_wconf 88' lang='lat' dir='ltr'><strong>et</strong></span> <span class='ocrx_word' id='word_1_180' title='bbox 1121 1623 1355 1666; x_wconf 87' lang='lat' dir='ltr'><strong>necessaria</strong></span> <span class='ocrx_word' id='word_1_181' title='bbox 1374 1623 1530 1665; x_wconf 87' lang='lat' dir='ltr'><strong>Tribu-</strong></span> 
     </span>
     <span class='ocr_line' id='line_1_23' title="bbox 152 1686 1531 1747; baseline -0.002 -14"><span class='ocrx_word' id='word_1_182' title='bbox 152 1690 257 1734; x_wconf 79' lang='lat' dir='ltr'><strong>latio</strong></span> <span class='ocrx_word' id='word_1_183' title='bbox 279 1687 518 1747; x_wconf 87' lang='lat' dir='ltr'><strong>perveniret</strong></span> <span class='ocrx_word' id='word_1_184' title='bbox 542 1686 769 1735; x_wconf 89' lang='lat' dir='ltr'><strong>sibi,malis</strong></span> <span class='ocrx_word' id='word_1_185' title='bbox 791 1698 881 1731; x_wconf 89' lang='lat' dir='ltr'><strong>erat</strong></span> <span class='ocrx_word' id='word_1_186' title='bbox 899 1691 1085 1746; x_wconf 85' lang='lat' dir='ltr'><strong>gaudens</strong></span> <span class='ocrx_word' id='word_1_187' title='bbox 1100 1689 1213 1745; x_wconf 82' lang='lat' dir='ltr'><strong>in(2)</strong></span> <span class='ocrx_word' id='word_1_188' title='bbox 1230 1689 1421 1746; x_wconf 91' lang='lat' dir='ltr'><strong>propriis.</strong></span> <span class='ocrx_word' id='word_1_189' title='bbox 1447 1689 1531 1730; x_wconf 92' lang='lat' dir='ltr'><strong>De-</strong></span> 
     </span>
     <span class='ocr_line' id='line_1_24' title="bbox 155 1752 1528 1814; baseline -0.001 -15"><span class='ocrx_word' id='word_1_190' title='bbox 155 1757 285 1814; x_wconf 91' lang='lat' dir='ltr'><strong>nique</strong></span> <span class='ocrx_word' id='word_1_191' title='bbox 316 1755 417 1796; x_wconf 88' lang='lat' dir='ltr'><strong>dum</strong></span> <span class='ocrx_word' id='word_1_192' title='bbox 452 1754 493 1795; x_wconf 91' lang='lat' dir='ltr'><strong>in</strong></span> <span class='ocrx_word' id='word_1_193' title='bbox 532 1752 822 1797; x_wconf 82' lang='lat' dir='ltr'><strong>infirmitatem</strong></span> <span class='ocrx_word' id='word_1_194' title='bbox 854 1756 1132 1798; x_wconf 89' lang='lat' dir='ltr'><strong>incurabilem</strong></span> <span class='ocrx_word' id='word_1_195' title='bbox 1162 1755 1448 1813; x_wconf 82' lang='lat' dir='ltr'><strong>pervenisset,</strong></span> <span class='ocrx_word' id='word_1_196' title='bbox 1486 1763 1528 1797; x_wconf 84' lang='lat' dir='ltr'><strong>et</strong></span> 
     </span>
     <span class='ocr_line' id='line_1_25' title="bbox 153 1819 1532 1879; baseline -0.003 -13"><span class='ocrx_word' id='word_1_197' title='bbox 153 1821 307 1866; x_wconf 88' lang='lat' dir='ltr'><strong>medici</strong></span> <span class='ocrx_word' id='word_1_198' title='bbox 331 1819 496 1878; x_wconf 86' lang='lat' dir='ltr'><strong>putrida</strong></span> <span class='ocrx_word' id='word_1_199' title='bbox 513 1819 571 1877; x_wconf 80' lang='lat'><strong>(5)</strong></span> <span class='ocrx_word' id='word_1_200' title='bbox 594 1821 717 1862; x_wconf 89' lang='lat' dir='ltr'><strong>verba</strong></span> <span class='ocrx_word' id='word_1_201' title='bbox 742 1822 948 1872; x_wconf 88' lang='lat' dir='ltr'><strong>dicerent,</strong></span> <span class='ocrx_word' id='word_1_202' title='bbox 967 1823 1036 1864; x_wconf 89' lang='lat' dir='ltr'><strong>ille</strong></span> <span class='ocrx_word' id='word_1_203' title='bbox 1060 1831 1197 1864; x_wconf 90' lang='lat' dir='ltr'><strong>tamen</strong></span> <span class='ocrx_word' id='word_1_204' title='bbox 1214 1821 1408 1863; x_wconf 85' lang='lat' dir='ltr'><strong>manibus</strong></span> <span class='ocrx_word' id='word_1_205' title='bbox 1432 1836 1532 1879; x_wconf 88' lang='lat' dir='ltr'><strong>ope-</strong></span> 
     </span>
     <span class='ocr_line' id='line_1_26' title="bbox 153 1886 1529 1945; baseline -0.001 -15"><span class='ocrx_word' id='word_1_206' title='bbox 153 1888 344 1936; x_wconf 86' lang='lat' dir='ltr'><strong>rabatur,</strong></span> <span class='ocrx_word' id='word_1_207' title='bbox 370 1886 605 1943; x_wconf 77' lang='lat' dir='ltr'><strong>palmarum</strong></span> <span class='ocrx_word' id='word_1_208' title='bbox 630 1887 818 1942; x_wconf 86' lang='lat' dir='ltr'><strong>plectens</strong></span> <span class='ocrx_word' id='word_1_209' title='bbox 839 1887 935 1928; x_wconf 88' lang='lat' dir='ltr'><strong>solia</strong></span> <span class='ocrx_word' id='word_1_210' title='bbox 952 1920 963 1936; x_wconf 93' lang='lat'><strong>,</strong></span> <span class='ocrx_word' id='word_1_211' title='bbox 989 1896 1030 1929; x_wconf 92' lang='lat' dir='ltr'><strong>et</strong></span> <span class='ocrx_word' id='word_1_212' title='bbox 1056 1888 1331 1945; x_wconf 63' lang='lat' dir='ltr'><strong>praesentibus</strong></span> <span class='ocrx_word' id='word_1_213' title='bbox 1353 1901 1529 1943; x_wconf 83' lang='lat' dir='ltr'><strong>persua-</strong></span> 
     </span>
     <span class='ocr_line' id='line_1_27' title="bbox 151 1951 1528 2008; baseline -0.002 -12"><span class='ocrx_word' id='word_1_214' title='bbox 151 1954 257 1996; x_wconf 88' lang='lat' dir='ltr'><strong>dens</strong></span> <span class='ocrx_word' id='word_1_215' title='bbox 273 1985 286 2002; x_wconf 86' lang='lat'><strong>,</strong></span> <span class='ocrx_word' id='word_1_216' title='bbox 305 1961 350 1995; x_wconf 91' lang='lat' dir='ltr'><strong>ut</strong></span> <span class='ocrx_word' id='word_1_217' title='bbox 374 1953 425 1994; x_wconf 87' lang='lat' dir='ltr'><strong>de</strong></span> <span class='ocrx_word' id='word_1_218' title='bbox 447 1951 573 1993; x_wconf 84' lang='lat' dir='ltr'><strong>rebus</strong></span> <span class='ocrx_word' id='word_1_219' title='bbox 596 1951 722 2008; x_wconf 84' lang='lat' dir='ltr'><strong>hujus</strong></span> <span class='ocrx_word' id='word_1_220' title='bbox 744 1953 891 1994; x_wconf 89' lang='lat' dir='ltr'><strong>mundi</strong></span> <span class='ocrx_word' id='word_1_221' title='bbox 909 1968 992 1994; x_wconf 88' lang='lat' dir='ltr'><strong>non</strong></span> <span class='ocrx_word' id='word_1_222' title='bbox 1017 1954 1232 1999; x_wconf 85' lang='lat' dir='ltr'><strong>dolerent,</strong></span> <span class='ocrx_word' id='word_1_223' title='bbox 1258 1967 1396 2008; x_wconf 89' lang='lat' dir='ltr'><strong>neque</strong></span> <span class='ocrx_word' id='word_1_224' title='bbox 1417 1952 1528 1994; x_wconf 82' lang='lat' dir='ltr'><strong>aliud</strong></span> 
     </span>
     <span class='ocr_line' id='line_1_28' title="bbox 154 2016 1529 2077; baseline -0.002 -15"><span class='ocrx_word' id='word_1_225' title='bbox 154 2019 412 2077; x_wconf 85' lang='lat' dir='ltr'><strong>cogitarent,</strong></span> <span class='ocrx_word' id='word_1_226' title='bbox 455 2016 534 2058; x_wconf 85' lang='lat' dir='ltr'><strong>nisi</strong></span> <span class='ocrx_word' id='word_1_227' title='bbox 560 2017 612 2059; x_wconf 86' lang='lat' dir='ltr'><strong>de</strong></span> <span class='ocrx_word' id='word_1_228' title='bbox 647 2018 758 2060; x_wconf 90' lang='lat' dir='ltr'><strong>bono</strong></span> <span class='ocrx_word' id='word_1_229' title='bbox 789 2017 887 2060; x_wconf 88' lang='lat' dir='ltr'><strong>fine.</strong></span> <span class='ocrx_word' id='word_1_230' title='bbox 937 2019 1097 2067; x_wconf 77' lang='lat' dir='ltr'><strong>«Deus,</strong></span> <span class='ocrx_word' id='word_1_231' title='bbox 1134 2018 1296 2075; x_wconf 90' lang='lat' dir='ltr'><strong>inquit,</strong></span> <span class='ocrx_word' id='word_1_232' title='bbox 1323 2018 1392 2074; x_wconf 82' lang='lat' dir='ltr'><strong>qui</strong></span> <span class='ocrx_word' id='word_1_233' title='bbox 1432 2017 1529 2059; x_wconf 85' lang='lat' dir='ltr'><strong>fecit</strong></span> 
     </span>
     <span class='ocr_line' id='line_1_29' title="bbox 154 2082 1527 2141; baseline -0.001 -14"><span class='ocrx_word' id='word_1_234' title='bbox 154 2092 308 2127; x_wconf 90' lang='lat' dir='ltr'><strong>cuncta</strong></span> <span class='ocrx_word' id='word_1_235' title='bbox 333 2098 426 2140; x_wconf 87' lang='lat' dir='ltr'><strong>quae</strong></span> <span class='ocrx_word' id='word_1_236' title='bbox 449 2082 564 2124; x_wconf 89' lang='lat' dir='ltr'><strong>utilia</strong></span> <span class='ocrx_word' id='word_1_237' title='bbox 590 2092 702 2133; x_wconf 88' lang='lat' dir='ltr'><strong>sunt,</strong></span> <span class='ocrx_word' id='word_1_238' title='bbox 726 2084 811 2140; x_wconf 91' lang='lat' dir='ltr'><strong>ipse</strong></span> <span class='ocrx_word' id='word_1_239' title='bbox 825 2084 877 2126; x_wconf 87' lang='lat' dir='ltr'><strong>sit</strong></span> <span class='ocrx_word' id='word_1_240' title='bbox 900 2085 1099 2141; x_wconf 83' lang='lat' dir='ltr'><strong>cogitatio</strong></span> <span class='ocrx_word' id='word_1_241' title='bbox 1113 2093 1269 2127; x_wconf 87' lang='lat' dir='ltr'><strong>nostra.</strong></span> <span class='ocrx_word' id='word_1_242' title='bbox 1285 2084 1372 2141; x_wconf 88' lang='lat' dir='ltr'><strong>Ego</strong></span> <span class='ocrx_word' id='word_1_243' title='bbox 1388 2093 1527 2126; x_wconf 88' lang='lat' dir='ltr'><strong>autem</strong></span> 
     </span>
     <span class='ocr_line' id='line_1_30' title="bbox 153 2147 1527 2206; baseline 0 -15"><span class='ocrx_word' id='word_1_244' title='bbox 153 2148 279 2197; x_wconf 85' lang='lat' dir='ltr'><strong>novi;</strong></span> <span class='ocrx_word' id='word_1_245' title='bbox 303 2147 546 2204; x_wconf 89' lang='lat' dir='ltr'><strong>hujusmodi</strong></span> <span class='ocrx_word' id='word_1_246' title='bbox 571 2148 784 2204; x_wconf 90' lang='lat' dir='ltr'><strong>passiones</strong></span> <span class='ocrx_word' id='word_1_247' title='bbox 808 2164 884 2206; x_wconf 90' lang='lat' dir='ltr'><strong>pro</strong></span> <span class='ocrx_word' id='word_1_248' title='bbox 910 2150 1095 2206; x_wconf 87' lang='lat' dir='ltr'><strong>peccatis</strong></span> <span class='ocrx_word' id='word_1_249' title='bbox 1115 2150 1340 2199; x_wconf 86' lang='lat' dir='ltr'><strong>eveniunt,</strong></span> <span class='ocrx_word' id='word_1_250' title='bbox 1369 2158 1411 2190; x_wconf 90' lang='lat' dir='ltr'><strong>et</strong></span> <span class='ocrx_word' id='word_1_251' title='bbox 1437 2164 1527 2191; x_wconf 90' lang='lat' dir='ltr'><strong>me-</strong></span> 
     </span>
     <span class='ocr_line' id='line_1_31' title="bbox 153 2214 1529 2274; baseline -0.001 -16"><span class='ocrx_word' id='word_1_252' title='bbox 153 2215 234 2258; x_wconf 89' lang='lat' dir='ltr'><strong>lius</strong></span> <span class='ocrx_word' id='word_1_253' title='bbox 255 2223 317 2257; x_wconf 91' lang='lat' dir='ltr'><strong>est</strong></span> <span class='ocrx_word' id='word_1_254' title='bbox 338 2214 406 2256; x_wconf 83' lang='lat' dir='ltr'><strong>hic</strong></span> <span class='ocrx_word' id='word_1_255' title='bbox 425 2229 592 2271; x_wconf 87' lang='lat' dir='ltr'><strong>poenam</strong></span> <span class='ocrx_word' id='word_1_256' title='bbox 606 2216 766 2257; x_wconf 88' lang='lat' dir='ltr'><strong>solvere</strong></span> <span class='ocrx_word' id='word_1_257' title='bbox 782 2247 791 2264; x_wconf 91' lang='lat'><strong>,</strong></span> <span class='ocrx_word' id='word_1_258' title='bbox 818 2231 942 2272; x_wconf 89' lang='lat' dir='ltr'><strong>quam</strong></span> <span class='ocrx_word' id='word_1_259' title='bbox 961 2225 1242 2273; x_wconf 87' lang='lat' dir='ltr'><strong>postmortem</strong></span> <span class='ocrx_word' id='word_1_260' title='bbox 1262 2224 1414 2257; x_wconf 84' lang='lat' dir='ltr'><strong>aeterna</strong></span> <span class='ocrx_word' id='word_1_261' title='bbox 1433 2231 1529 2274; x_wconf 89' lang='lat' dir='ltr'><strong>sup-</strong></span> 
     </span>
     <span class='ocr_line' id='line_1_32' title="bbox 154 2279 1531 2340; baseline -0.001 -16"><span class='ocrx_word' id='word_1_262' title='bbox 154 2282 279 2339; x_wconf 87' lang='lat' dir='ltr'><strong>plicia</strong></span> <span class='ocrx_word' id='word_1_263' title='bbox 299 2281 520 2323; x_wconf 83' lang='lat' dir='ltr'><strong>sustinere.</strong></span> <span class='ocrx_word' id='word_1_264' title='bbox 542 2299 557 2319; x_wconf 75' lang='lat' dir='ltr'><strong><em>n</em></strong></span> <span class='ocrx_word' id='word_1_265' title='bbox 578 2279 711 2323; x_wconf 88' lang='lat' dir='ltr'><strong>Stude</strong></span> <span class='ocrx_word' id='word_1_266' title='bbox 731 2297 832 2340; x_wconf 82' lang='lat' dir='ltr'><strong>ergo</strong></span> <span class='ocrx_word' id='word_1_267' title='bbox 856 2283 910 2323; x_wconf 88' lang='lat' dir='ltr'><strong>ita</strong></span> <span class='ocrx_word' id='word_1_268' title='bbox 935 2282 1141 2332; x_wconf 89' lang='lat' dir='ltr'><strong>similiter,</strong></span> <span class='ocrx_word' id='word_1_269' title='bbox 1166 2297 1191 2324; x_wconf 93' lang='lat' dir='ltr'><strong>o</strong></span> <span class='ocrx_word' id='word_1_270' title='bbox 1207 2282 1340 2324; x_wconf 82' lang='lat' dir='ltr'><strong>Mater</strong></span> <span class='ocrx_word' id='word_1_271' title='bbox 1361 2282 1448 2324; x_wconf 90' lang='lat' dir='ltr'><strong>Deo</strong></span> <span class='ocrx_word' id='word_1_272' title='bbox 1473 2282 1531 2323; x_wconf 87' lang='lat' dir='ltr'><strong>di-</strong></span> 
     </span>
     <span class='ocr_line' id='line_1_33' title="bbox 155 2347 1529 2403; baseline -0.001 -13"><span class='ocrx_word' id='word_1_273' title='bbox 155 2356 273 2398; x_wconf 88' lang='lat' dir='ltr'><strong>cata,</strong></span> <span class='ocrx_word' id='word_1_274' title='bbox 301 2348 464 2395; x_wconf 90' lang='lat' dir='ltr'><strong>dicere,</strong></span> <span class='ocrx_word' id='word_1_275' title='bbox 493 2361 772 2403; x_wconf 65' lang='lat' dir='ltr'><strong>quaecumque</strong></span> <span class='ocrx_word' id='word_1_276' title='bbox 801 2347 1028 2390; x_wconf 87' lang='lat' dir='ltr'><strong>Infirmitas</strong></span> <span class='ocrx_word' id='word_1_277' title='bbox 1051 2358 1123 2390; x_wconf 87' lang='lat' dir='ltr'><strong>aut</strong></span> <span class='ocrx_word' id='word_1_278' title='bbox 1152 2348 1228 2389; x_wconf 87' lang='lat' dir='ltr'><strong>alia</strong></span> <span class='ocrx_word' id='word_1_279' title='bbox 1252 2347 1529 2390; x_wconf 87' lang='lat' dir='ltr'><strong>contrarietas</strong></span> 
     </span>
     <span class='ocr_line' id='line_1_34' title="bbox 154 2412 1524 2472; baseline 0 -18"><span class='ocrx_word' id='word_1_280' title='bbox 154 2412 230 2455; x_wconf 87' lang='lat' dir='ltr'><strong>tibi</strong></span> <span class='ocrx_word' id='word_1_281' title='bbox 252 2413 454 2456; x_wconf 89' lang='lat' dir='ltr'><strong>evenerit.</strong></span> <span class='ocrx_word' id='word_1_282' title='bbox 490 2413 768 2456; x_wconf 85' lang='lat' dir='ltr'><strong>Considerare</strong></span> <span class='ocrx_word' id='word_1_283' title='bbox 799 2429 969 2471; x_wconf 92' lang='lat' dir='ltr'><strong>quoque</strong></span> <span class='ocrx_word' id='word_1_284' title='bbox 998 2429 1269 2472; x_wconf 90' lang='lat' dir='ltr'><strong>summopere</strong></span> <span class='ocrx_word' id='word_1_285' title='bbox 1293 2414 1496 2455; x_wconf 88' lang='lat' dir='ltr'><strong>debemus</strong></span> <span class='ocrx_word' id='word_1_286' title='bbox 1514 2445 1524 2460; x_wconf 85' lang='lat'><strong>.</strong></span> 
     </span>
    </p>

    <p class='ocr_par' dir='ltr' id='par_1_3' title="bbox 154 2499 1527 2644">
     <span class='ocr_line' id='line_1_35' title="bbox 201 2499 1527 2546; baseline 0 -14"><span class='ocrx_word' id='word_1_287' title='bbox 201 2499 251 2546; x_wconf 74' lang='grc' dir='ltr'><strong>(ι)</strong></span> <span class='ocrx_word' id='word_1_288' title='bbox 270 2504 365 2534; x_wconf 83' lang='lat' dir='ltr'><strong>Deest</strong></span> <span class='ocrx_word' id='word_1_289' title='bbox 384 2501 430 2532; x_wconf 81' lang='lat' dir='ltr'><strong>im</strong></span> <span class='ocrx_word' id='word_1_290' title='bbox 450 2501 482 2533; x_wconf 89' lang='lat' dir='ltr'><strong>in</strong></span> <span class='ocrx_word' id='word_1_291' title='bbox 506 2501 578 2536; x_wconf 90' lang='lat' dir='ltr'><strong>cod.</strong></span> <span class='ocrx_word' id='word_1_292' title='bbox 596 2520 642 2526; x_wconf 93' lang='lat'><strong>—</strong></span> <span class='ocrx_word' id='word_1_293' title='bbox 671 2501 722 2546; x_wconf 86' lang='lat'><strong>(2)</strong></span> <span class='ocrx_word' id='word_1_294' title='bbox 741 2502 822 2536; x_wconf 88' lang='lat' dir='ltr'><strong>Cod.</strong></span> <span class='ocrx_word' id='word_1_295' title='bbox 842 2503 917 2534; x_wconf 79' lang='lat' dir='ltr'><strong>talis</strong></span> <span class='ocrx_word' id='word_1_296' title='bbox 934 2511 1005 2534; x_wconf 80' lang='lat' dir='ltr'><strong>erat</strong></span> <span class='ocrx_word' id='word_1_297' title='bbox 1021 2503 1054 2533; x_wconf 78' lang='lat' dir='ltr'><strong>in</strong></span> <span class='ocrx_word' id='word_1_298' title='bbox 1067 2500 1189 2546; x_wconf 70' lang='lat' dir='ltr'><strong>gladiis</strong></span> <span class='ocrx_word' id='word_1_299' title='bbox 1201 2501 1399 2543; x_wconf 77' lang='lat' dir='ltr'><strong>propriis.-—</strong></span> <span class='ocrx_word' id='word_1_300' title='bbox 1412 2499 1461 2542; x_wconf 80' lang='lat'><strong>(3)</strong></span> <span class='ocrx_word' id='word_1_301' title='bbox 1476 2501 1527 2532; x_wconf 86' lang='lat' dir='ltr'><strong>Sic</strong></span> 
     </span>
     <span class='ocr_line' id='line_1_36' title="bbox 154 2554 1526 2601; baseline -0.001 -15"><span class='ocrx_word' id='word_1_302' title='bbox 154 2554 242 2596; x_wconf 90' lang='lat' dir='ltr'><strong>cod.‚</strong></span> <span class='ocrx_word' id='word_1_303' title='bbox 261 2566 299 2587; x_wconf 89' lang='lat' dir='ltr'><strong>eo</strong></span> <span class='ocrx_word' id='word_1_304' title='bbox 321 2555 401 2588; x_wconf 80' lang='lat' dir='ltr'><strong>forte</strong></span> <span class='ocrx_word' id='word_1_305' title='bbox 420 2567 511 2588; x_wconf 81' lang='lat' dir='ltr'><strong>sensu</strong></span> <span class='ocrx_word' id='word_1_306' title='bbox 529 2555 613 2599; x_wconf 89' lang='lat' dir='ltr'><strong>quod</strong></span> <span class='ocrx_word' id='word_1_307' title='bbox 633 2555 773 2588; x_wconf 83' lang='lat' dir='ltr'><strong>dicerent</strong></span> <span class='ocrx_word' id='word_1_308' title='bbox 791 2557 887 2590; x_wconf 84' lang='lat' dir='ltr'><strong>verba</strong></span> <span class='ocrx_word' id='word_1_309' title='bbox 901 2568 972 2601; x_wconf 81' lang='lat' dir='ltr'><strong>quae</strong></span> <span class='ocrx_word' id='word_1_310' title='bbox 988 2557 1188 2599; x_wconf 82' lang='lat' dir='ltr'><strong>putredinem</strong></span> <span class='ocrx_word' id='word_1_311' title='bbox 1203 2566 1276 2587; x_wconf 85' lang='lat' dir='ltr'><strong>mox</strong></span> <span class='ocrx_word' id='word_1_312' title='bbox 1292 2554 1429 2587; x_wconf 79' lang='lat' dir='ltr'><strong>suturam</strong></span> <span class='ocrx_word' id='word_1_313' title='bbox 1448 2563 1526 2597; x_wconf 82' lang='lat' dir='ltr'><strong>prae-</strong></span> 
     </span>
     <span class='ocr_line' id='line_1_37' title="bbox 156 2610 354 2644; baseline -0.005 -1"><span class='ocrx_word' id='word_1_314' title='bbox 156 2610 354 2644; x_wconf 81' lang='lat' dir='ltr'><strong>nuntiabant.</strong></span> 
     </span>
    </p>
   </div>
  </div>
 </body>
</html>
