<?xml version="1.0" encoding="UTF-8"?>
<!DOCTYPE html PUBLIC "-//W3C//DTD XHTML 1.0 Transitional//EN"
    "http://www.w3.org/TR/xhtml1/DTD/xhtml1-transitional.dtd">
<html xmlns="http://www.w3.org/1999/xhtml" xml:lang="en" lang="en">
 <head>
  <title>
</title>
<meta http-equiv="Content-Type" content="text/html;charset=utf-8" />
  <meta name='ocr-system' content='tesseract 3.04.00' />
  <meta name='ocr-capabilities' content='ocr_page ocr_carea ocr_par ocr_line ocrx_word'/>
</head>
<body>
  <div class='ocr_page' id='page_1' title='image "./p2operaomniaaccu24auguuoft_0172.png"; bbox 0 0 1885 3284; ppageno 0'>
   <div class='ocr_carea' id='block_1_1' title="bbox 409 269 1368 324">
    <p class='ocr_par' dir='ltr' id='par_1_1' title="bbox 409 269 1368 324">
     <span class='ocr_line' id='line_1_1' title="bbox 409 269 1368 324; baseline -0.007 -10"><span class='ocrx_word' id='word_1_1' title='bbox 409 269 495 324; x_wconf 68' lang='lat'>162</span> <span class='ocrx_word' id='word_1_2' title='bbox 808 282 842 311; x_wconf 76' lang='lat' dir='ltr'>s.</span> <span class='ocrx_word' id='word_1_3' title='bbox 887 279 1130 311; x_wconf 79' lang='lat' dir='ltr'>AUGus&#39;an</span> <span class='ocrx_word' id='word_1_4' title='bbox 1165 276 1368 309; x_wconf 75' lang='lat' dir='ltr'>Emscom</span> 
     </span>
    </p>
   </div>
   <div class='ocr_carea' id='block_1_2' title="bbox 397 340 1797 2462">
    <p class='ocr_par' dir='ltr' id='par_1_2' title="bbox 397 340 1786 817">
     <span class='ocr_line' id='line_1_2' title="bbox 401 340 1783 411; baseline -0.004 -18"><span class='ocrx_word' id='word_1_5' title='bbox 401 364 496 393; x_wconf 88' lang='lat' dir='ltr'>cere</span> <span class='ocrx_word' id='word_1_6' title='bbox 520 347 656 411; x_wconf 86' lang='lat' dir='ltr'>possit</span> <span class='ocrx_word' id='word_1_7' title='bbox 680 363 691 391; x_wconf 74' lang='grc' dir='ltr'>ε</span> <span class='ocrx_word' id='word_1_8' title='bbox 724 345 924 391; x_wconf 83' lang='lat' dir='ltr'>«Infixus</span> <span class='ocrx_word' id='word_1_9' title='bbox 950 362 1045 391; x_wconf 91' lang='lat' dir='ltr'>sum</span> <span class='ocrx_word' id='word_1_10' title='bbox 1064 344 1109 389; x_wconf 89' lang='lat' dir='ltr'>in</span> <span class='ocrx_word' id='word_1_11' title='bbox 1136 342 1241 388; x_wconf 90' lang='lat' dir='ltr'>limo</span> <span class='ocrx_word' id='word_1_12' title='bbox 1268 340 1512 406; x_wconf 72' lang='lat' dir='ltr'>profundi1</span> <span class='ocrx_word' id='word_1_13' title='bbox 1534 361 1547 396; x_wconf 90' lang='lat'>;</span> <span class='ocrx_word' id='word_1_14' title='bbox 1568 361 1588 384; x_wconf 75' lang='lat'>&gt;2</span> <span class='ocrx_word' id='word_1_15' title='bbox 1611 357 1659 387; x_wconf 89' lang='lat' dir='ltr'>ex</span> <span class='ocrx_word' id='word_1_16' title='bbox 1693 356 1783 405; x_wconf 91' lang='lat' dir='ltr'>quo</span> 
     </span>
     <span class='ocr_line' id='line_1_3' title="bbox 397 410 1784 480; baseline -0.004 -16"><span class='ocrx_word' id='word_1_17' title='bbox 397 417 504 465; x_wconf 90' lang='lat' dir='ltr'>limo</span> <span class='ocrx_word' id='word_1_18' title='bbox 538 417 662 463; x_wconf 83' lang='lat' dir='ltr'>evelli</span> <span class='ocrx_word' id='word_1_19' title='bbox 696 433 784 462; x_wconf 92' lang='lat' dir='ltr'>non</span> <span class='ocrx_word' id='word_1_20' title='bbox 812 427 986 480; x_wconf 83' lang='lat' dir='ltr'>potest,</span> <span class='ocrx_word' id='word_1_21' title='bbox 1023 414 1104 460; x_wconf 89' lang='lat' dir='ltr'>nisi</span> <span class='ocrx_word' id='word_1_22' title='bbox 1132 413 1186 460; x_wconf 77' lang='lat' dir='ltr'>ad</span> <span class='ocrx_word' id='word_1_23' title='bbox 1220 414 1344 460; x_wconf 85' lang='lat' dir='ltr'>illum</span> <span class='ocrx_word' id='word_1_24' title='bbox 1388 414 1580 469; x_wconf 79' lang='lat' dir='ltr'>clamet,</span> <span class='ocrx_word' id='word_1_25' title='bbox 1618 423 1660 459; x_wconf 89' lang='lat' dir='ltr'>et</span> <span class='ocrx_word' id='word_1_26' title='bbox 1691 410 1784 472; x_wconf 66' lang='lat' dir='ltr'>e‘jus</span> 
     </span>
     <span class='ocr_line' id='line_1_4' title="bbox 401 485 1786 551; baseline -0.004 -17"><span class='ocrx_word' id='word_1_27' title='bbox 401 488 609 535; x_wconf 80' lang='lat' dir='ltr'>auxilium</span> <span class='ocrx_word' id='word_1_28' title='bbox 634 488 828 551; x_wconf 79' lang='lat' dir='ltr'>postulet</span> <span class='ocrx_word' id='word_1_29' title='bbox 853 525 863 543; x_wconf 95' lang='lat'>‚</span> <span class='ocrx_word' id='word_1_30' title='bbox 894 486 946 532; x_wconf 85' lang='lat' dir='ltr'>de</span> <span class='ocrx_word' id='word_1_31' title='bbox 965 503 1054 550; x_wconf 90' lang='lat' dir='ltr'>quo</span> <span class='ocrx_word' id='word_1_32' title='bbox 1076 485 1274 531; x_wconf 83' lang='lat' dir='ltr'>Psalmus</span> <span class='ocrx_word' id='word_1_33' title='bbox 1298 503 1308 530; x_wconf 74' lang='grc' dir='ltr'>ε</span> <span class='ocrx_word' id='word_1_34' title='bbox 1334 486 1615 548; x_wconf 82' lang='lat' dir='ltr'>«Expectans</span> <span class='ocrx_word' id='word_1_35' title='bbox 1631 500 1786 547; x_wconf 81' lang='lat' dir='ltr'>expec-</span> 
     </span>
     <span class='ocr_line' id='line_1_5' title="bbox 403 554 1784 620; baseline -0.001 -19"><span class='ocrx_word' id='word_1_36' title='bbox 403 580 424 601; x_wconf 85' lang='lat'>»</span> <span class='ocrx_word' id='word_1_37' title='bbox 448 558 539 604; x_wconf 87' lang='lat' dir='ltr'>tavi</span> <span class='ocrx_word' id='word_1_38' title='bbox 561 558 798 604; x_wconf 89' lang='lat' dir='ltr'>Dominum</span> <span class='ocrx_word' id='word_1_39' title='bbox 821 596 831 613; x_wconf 89' lang='lat'>‚</span> <span class='ocrx_word' id='word_1_40' title='bbox 861 569 901 602; x_wconf 89' lang='lat' dir='ltr'>et</span> <span class='ocrx_word' id='word_1_41' title='bbox 926 556 1111 620; x_wconf 81' lang='lat' dir='ltr'>respexit</span> <span class='ocrx_word' id='word_1_42' title='bbox 1128 573 1195 601; x_wconf 88' lang='lat' dir='ltr'>me</span> <span class='ocrx_word' id='word_1_43' title='bbox 1215 594 1225 611; x_wconf 86' lang='lat'><strong>‚</strong></span> <span class='ocrx_word' id='word_1_44' title='bbox 1256 566 1297 601; x_wconf 87' lang='lat' dir='ltr'>et</span> <span class='ocrx_word' id='word_1_45' title='bbox 1336 555 1484 601; x_wconf 83' lang='lat' dir='ltr'>eduxit</span> <span class='ocrx_word' id='word_1_46' title='bbox 1519 573 1586 601; x_wconf 88' lang='lat' dir='ltr'>me</span> <span class='ocrx_word' id='word_1_47' title='bbox 1609 555 1663 601; x_wconf 86' lang='lat' dir='ltr'>de</span> <span class='ocrx_word' id='word_1_48' title='bbox 1684 554 1784 600; x_wconf 80' lang='lat' dir='ltr'>lacu</span> 
     </span>
     <span class='ocr_line' id='line_1_6' title="bbox 404 627 1785 689; baseline 0 -17"><span class='ocrx_word' id='word_1_49' title='bbox 404 650 426 672; x_wconf 82' lang='grc'>»</span> <span class='ocrx_word' id='word_1_50' title='bbox 447 629 631 675; x_wconf 86' lang='lat' dir='ltr'>miseriae</span> <span class='ocrx_word' id='word_1_51' title='bbox 648 639 690 676; x_wconf 86' lang='lat' dir='ltr'>et</span> <span class='ocrx_word' id='word_1_52' title='bbox 714 629 767 675; x_wconf 88' lang='lat' dir='ltr'>de</span> <span class='ocrx_word' id='word_1_53' title='bbox 791 629 884 675; x_wconf 90' lang='lat' dir='ltr'>luto</span> <span class='ocrx_word' id='word_1_54' title='bbox 903 628 1102 675; x_wconf 81' lang='lat' dir='ltr'>faeeis2.»</span> <span class='ocrx_word' id='word_1_55' title='bbox 1133 628 1373 689; x_wconf 76' lang='lat' dir='ltr'>Propterea</span> <span class='ocrx_word' id='word_1_56' title='bbox 1399 627 1533 687; x_wconf 79' lang='lat' dir='ltr'>igitur</span> <span class='ocrx_word' id='word_1_57' title='bbox 1556 644 1635 673; x_wconf 91' lang='lat' dir='ltr'>nos</span> <span class='ocrx_word' id='word_1_58' title='bbox 1662 642 1785 672; x_wconf 83' lang='lat' dir='ltr'>orare</span> 
     </span>
     <span class='ocr_line' id='line_1_7' title="bbox 402 696 1783 762; baseline -0.002 -16"><span class='ocrx_word' id='word_1_59' title='bbox 402 698 556 747; x_wconf 86' lang='lat' dir='ltr'>docuit</span> <span class='ocrx_word' id='word_1_60' title='bbox 575 737 586 752; x_wconf 86' lang='lat'>,</span> <span class='ocrx_word' id='word_1_61' title='bbox 615 711 665 746; x_wconf 89' lang='lat' dir='ltr'>ut</span> <span class='ocrx_word' id='word_1_62' title='bbox 685 710 829 746; x_wconf 89' lang='lat' dir='ltr'>totum</span> <span class='ocrx_word' id='word_1_63' title='bbox 848 700 1017 745; x_wconf 87' lang='lat' dir='ltr'>bonum</span> <span class='ocrx_word' id='word_1_64' title='bbox 1035 708 1234 745; x_wconf 88' lang='lat' dir='ltr'>nostrum</span> <span class='ocrx_word' id='word_1_65' title='bbox 1252 698 1309 743; x_wconf 86' lang='lat' dir='ltr'>ab</span> <span class='ocrx_word' id='word_1_66' title='bbox 1330 698 1426 762; x_wconf 86' lang='lat' dir='ltr'>ipso</span> <span class='ocrx_word' id='word_1_67' title='bbox 1451 714 1538 744; x_wconf 89' lang='lat' dir='ltr'>esse</span> <span class='ocrx_word' id='word_1_68' title='bbox 1564 696 1783 758; x_wconf 83' lang='lat' dir='ltr'>intelliga-</span> 
     </span>
     <span class='ocr_line' id='line_1_8' title="bbox 405 786 517 817; baseline 0.009 -1"><span class='ocrx_word' id='word_1_69' title='bbox 405 786 517 817; x_wconf 89' lang='lat' dir='ltr'>mus.</span> 
     </span>
    </p>

    <p class='ocr_par' dir='ltr' id='par_1_3' title="bbox 402 837 1791 1542">
     <span class='ocr_line' id='line_1_9' title="bbox 468 837 1783 903; baseline -0.002 -17"><span class='ocrx_word' id='word_1_70' title='bbox 468 840 545 888; x_wconf 81' lang='lat' dir='ltr'>IV.</span> <span class='ocrx_word' id='word_1_71' title='bbox 587 840 738 886; x_wconf 83' lang='lat' dir='ltr'>Prima</span> <span class='ocrx_word' id='word_1_72' title='bbox 760 840 896 900; x_wconf 86' lang='lat' dir='ltr'>igitur</span> <span class='ocrx_word' id='word_1_73' title='bbox 920 842 1011 900; x_wconf 75' lang='lat' dir='ltr'>eJus</span> <span class='ocrx_word' id='word_1_74' title='bbox 1029 838 1188 902; x_wconf 90' lang='lat' dir='ltr'>petitio</span> <span class='ocrx_word' id='word_1_75' title='bbox 1222 848 1284 884; x_wconf 88' lang='lat' dir='ltr'>est</span> <span class='ocrx_word' id='word_1_76' title='bbox 1315 848 1467 884; x_wconf 84' lang='lat' dir='ltr'>contra</span> <span class='ocrx_word' id='word_1_77' title='bbox 1497 837 1749 903; x_wconf 87' lang='lat' dir='ltr'>superbiam</span> <span class='ocrx_word' id='word_1_78' title='bbox 1770 873 1783 894; x_wconf 87' lang='lat'><em>‚</em></span> 
     </span>
     <span class='ocr_line' id='line_1_10' title="bbox 402 910 1786 976; baseline -0.001 -18"><span class='ocrx_word' id='word_1_79' title='bbox 402 911 585 976; x_wconf 85' lang='lat' dir='ltr'>quando</span> <span class='ocrx_word' id='word_1_80' title='bbox 609 913 701 958; x_wconf 89' lang='lat' dir='ltr'>Deo</span> <span class='ocrx_word' id='word_1_81' title='bbox 728 910 918 964; x_wconf 85' lang='lat' dir='ltr'>dicimus</span> <span class='ocrx_word' id='word_1_82' title='bbox 952 928 962 955; x_wconf 90' lang='lat'>:</span> <span class='ocrx_word' id='word_1_83' title='bbox 993 932 1013 951; x_wconf 88' lang='lat'>«</span> <span class='ocrx_word' id='word_1_84' title='bbox 1038 910 1348 956; x_wconf 83' lang='lat' dir='ltr'>Sanctificetur</span> <span class='ocrx_word' id='word_1_85' title='bbox 1384 927 1542 956; x_wconf 90' lang='lat' dir='ltr'>nomen</span> <span class='ocrx_word' id='word_1_86' title='bbox 1584 920 1706 956; x_wconf 90' lang='lat' dir='ltr'>tuum</span> <span class='ocrx_word' id='word_1_87' title='bbox 1728 930 1740 965; x_wconf 92' lang='lat'>;</span> <span class='ocrx_word' id='word_1_88' title='bbox 1764 929 1786 950; x_wconf 78' lang='lat'>&gt;³</span> 
     </span>
     <span class='ocr_line' id='line_1_11' title="bbox 406 980 1787 1046; baseline -0.002 -17"><span class='ocrx_word' id='word_1_89' title='bbox 406 980 496 1029; x_wconf 85' lang='lat' dir='ltr'>hoc</span> <span class='ocrx_word' id='word_1_90' title='bbox 530 983 645 1029; x_wconf 89' lang='lat' dir='ltr'>enim</span> <span class='ocrx_word' id='word_1_91' title='bbox 667 982 858 1046; x_wconf 89' lang='lat' dir='ltr'>petimus</span> <span class='ocrx_word' id='word_1_92' title='bbox 876 1019 886 1039; x_wconf 85' lang='lat'>,</span> <span class='ocrx_word' id='word_1_93' title='bbox 907 992 957 1027; x_wconf 89' lang='lat' dir='ltr'>ut</span> <span class='ocrx_word' id='word_1_94' title='bbox 980 981 1054 1027; x_wconf 89' lang='lat' dir='ltr'>det</span> <span class='ocrx_word' id='word_1_95' title='bbox 1077 981 1206 1027; x_wconf 92' lang='lat' dir='ltr'>nobis</span> <span class='ocrx_word' id='word_1_96' title='bbox 1238 981 1389 1027; x_wconf 88' lang='lat' dir='ltr'>timere</span> <span class='ocrx_word' id='word_1_97' title='bbox 1416 991 1458 1027; x_wconf 84' lang='lat' dir='ltr'>ct</span> <span class='ocrx_word' id='word_1_98' title='bbox 1487 980 1681 1027; x_wconf 87' lang='lat' dir='ltr'>venerari</span> <span class='ocrx_word' id='word_1_99' title='bbox 1708 996 1787 1026; x_wconf 87' lang='lat' dir='ltr'>no-</span> 
     </span>
     <span class='ocr_line' id='line_1_12' title="bbox 405 1051 1784 1117; baseline -0.002 -17"><span class='ocrx_word' id='word_1_100' title='bbox 405 1070 504 1100; x_wconf 89' lang='lat' dir='ltr'>men</span> <span class='ocrx_word' id='word_1_101' title='bbox 523 1070 650 1100; x_wconf 88' lang='lat' dir='ltr'>suurn</span> <span class='ocrx_word' id='word_1_102' title='bbox 665 1090 676 1104; x_wconf 85' lang='grc'>,</span> <span class='ocrx_word' id='word_1_103' title='bbox 704 1062 919 1117; x_wconf 83' lang='lat' dir='ltr'>quatenus</span> <span class='ocrx_word' id='word_1_104' title='bbox 945 1053 983 1099; x_wconf 92' lang='lat' dir='ltr'>ei</span> <span class='ocrx_word' id='word_1_105' title='bbox 1001 1069 1080 1115; x_wconf 78' lang='lat' dir='ltr'>per</span> <span class='ocrx_word' id='word_1_106' title='bbox 1099 1051 1395 1098; x_wconf 81' lang='lat' dir='ltr'>humilitatem</span> <span class='ocrx_word' id='word_1_107' title='bbox 1413 1052 1601 1112; x_wconf 84' lang='lat' dir='ltr'>subjecti</span> <span class='ocrx_word' id='word_1_108' title='bbox 1622 1051 1757 1097; x_wconf 90' lang='lat' dir='ltr'>simus</span> <span class='ocrx_word' id='word_1_109' title='bbox 1771 1087 1784 1107; x_wconf 95' lang='lat'>,</span> 
     </span>
     <span class='ocr_line' id='line_1_13' title="bbox 406 1121 1789 1189; baseline -0.002 -19"><span class='ocrx_word' id='word_1_110' title='bbox 406 1123 485 1187; x_wconf 83' lang='lat' dir='ltr'>qui</span> <span class='ocrx_word' id='word_1_111' title='bbox 506 1141 584 1188; x_wconf 88' lang='lat' dir='ltr'>per</span> <span class='ocrx_word' id='word_1_112' title='bbox 601 1124 857 1189; x_wconf 83' lang='lat' dir='ltr'>superbiam</span> <span class='ocrx_word' id='word_1_113' title='bbox 876 1122 1058 1169; x_wconf 86' lang='lat' dir='ltr'>rebelles</span> <span class='ocrx_word' id='word_1_114' title='bbox 1070 1133 1111 1169; x_wconf 91' lang='lat' dir='ltr'>et</span> <span class='ocrx_word' id='word_1_115' title='bbox 1123 1133 1402 1169; x_wconf 83' lang='lat' dir='ltr'>contumaces</span> <span class='ocrx_word' id='word_1_116' title='bbox 1418 1122 1656 1168; x_wconf 86' lang='lat' dir='ltr'>extitimus.</span> <span class='ocrx_word' id='word_1_117' title='bbox 1671 1121 1789 1168; x_wconf 88' lang='lat' dir='ltr'>Huic</span> 
     </span>
     <span class='ocr_line' id='line_1_14' title="bbox 411 1190 1790 1258; baseline -0.004 -17"><span class='ocrx_word' id='word_1_118' title='bbox 411 1190 619 1258; x_wconf 73' lang='lat' dir='ltr'>Petitioni</span> <span class='ocrx_word' id='word_1_119' title='bbox 646 1194 778 1241; x_wconf 85' lang='lat' dir='ltr'>datur</span> <span class='ocrx_word' id='word_1_120' title='bbox 817 1193 983 1239; x_wconf 91' lang='lat' dir='ltr'>donum</span> <span class='ocrx_word' id='word_1_121' title='bbox 1008 1193 1187 1257; x_wconf 73' lang='lat' dir='ltr'>spiritus</span> <span class='ocrx_word' id='word_1_122' title='bbox 1211 1193 1379 1239; x_wconf 86' lang='lat' dir='ltr'>timoris</span> <span class='ocrx_word' id='word_1_123' title='bbox 1405 1193 1608 1249; x_wconf 74' lang='lat' dir='ltr'>Domini,</span> <span class='ocrx_word' id='word_1_124' title='bbox 1636 1203 1684 1237; x_wconf 92' lang='lat' dir='ltr'>ut</span> <span class='ocrx_word' id='word_1_125' title='bbox 1719 1191 1790 1237; x_wconf 86' lang='lat' dir='ltr'>ille</span> 
     </span>
     <span class='ocr_line' id='line_1_15' title="bbox 408 1264 1791 1326; baseline -0.003 -14"><span class='ocrx_word' id='word_1_126' title='bbox 408 1266 461 1312; x_wconf 84' lang='lat' dir='ltr'>ad</span> <span class='ocrx_word' id='word_1_127' title='bbox 482 1283 561 1312; x_wconf 87' lang='lat' dir='ltr'>cor</span> <span class='ocrx_word' id='word_1_128' title='bbox 581 1267 755 1312; x_wconf 84' lang='lat' dir='ltr'>veniens</span> <span class='ocrx_word' id='word_1_129' title='bbox 780 1265 986 1311; x_wconf 87' lang='lat' dir='ltr'>virtutem</span> <span class='ocrx_word' id='word_1_130' title='bbox 1011 1266 1056 1310; x_wconf 88' lang='lat' dir='ltr'>in</span> <span class='ocrx_word' id='word_1_131' title='bbox 1097 1282 1146 1310; x_wconf 95' lang='lat' dir='ltr'>eo</span> <span class='ocrx_word' id='word_1_132' title='bbox 1184 1277 1346 1310; x_wconf 88' lang='lat' dir='ltr'>cremet</span> <span class='ocrx_word' id='word_1_133' title='bbox 1373 1264 1634 1310; x_wconf 73' lang='lat' dir='ltr'>humilitatis</span> <span class='ocrx_word' id='word_1_134' title='bbox 1652 1301 1663 1318; x_wconf 73' lang='grc'>,</span> <span class='ocrx_word' id='word_1_135' title='bbox 1691 1278 1791 1326; x_wconf 86' lang='lat' dir='ltr'>quae</span> 
     </span>
     <span class='ocr_line' id='line_1_16' title="bbox 410 1334 1790 1403; baseline -0.004 -20"><span class='ocrx_word' id='word_1_136' title='bbox 410 1337 632 1403; x_wconf 75' lang='lat' dir='ltr'>superbiae</span> <span class='ocrx_word' id='word_1_137' title='bbox 660 1337 867 1382; x_wconf 87' lang='lat' dir='ltr'>morbum</span> <span class='ocrx_word' id='word_1_138' title='bbox 894 1347 1040 1388; x_wconf 80' lang='lat' dir='ltr'>sanet3</span> <span class='ocrx_word' id='word_1_139' title='bbox 1065 1346 1278 1398; x_wconf 80' lang='lat' dir='ltr'>quatenus</span> <span class='ocrx_word' id='word_1_140' title='bbox 1303 1336 1357 1381; x_wconf 82' lang='lat' dir='ltr'>ad</span> <span class='ocrx_word' id='word_1_141' title='bbox 1377 1352 1556 1396; x_wconf 74' lang='lat' dir='ltr'>regnum</span> <span class='ocrx_word' id='word_1_142' title='bbox 1575 1334 1790 1380; x_wconf 85' lang='lat' dir='ltr'>coelorum</span> 
     </span>
     <span class='ocr_line' id='line_1_17' title="bbox 409 1404 1791 1472; baseline -0.003 -19"><span class='ocrx_word' id='word_1_143' title='bbox 409 1404 531 1472; x_wconf 64' lang='lat' dir='ltr'>qu&#39;od</span> <span class='ocrx_word' id='word_1_144' title='bbox 556 1406 734 1467; x_wconf 84' lang='lat' dir='ltr'>angelus</span> <span class='ocrx_word' id='word_1_145' title='bbox 769 1406 986 1470; x_wconf 85' lang='lat' dir='ltr'>superbus</span> <span class='ocrx_word' id='word_1_146' title='bbox 1011 1422 1091 1469; x_wconf 87' lang='lat' dir='ltr'>per</span> <span class='ocrx_word' id='word_1_147' title='bbox 1131 1405 1360 1451; x_wconf 87' lang='lat' dir='ltr'>elationem</span> <span class='ocrx_word' id='word_1_148' title='bbox 1387 1405 1610 1469; x_wconf 82' lang='lat' dir='ltr'>perdidit,</span> <span class='ocrx_word' id='word_1_149' title='bbox 1652 1404 1791 1450; x_wconf 87' lang='lat' dir='ltr'>homo</span> 
     </span>
     <span class='ocr_line' id='line_1_18' title="bbox 410 1477 1011 1542; baseline -0.003 -17"><span class='ocrx_word' id='word_1_150' title='bbox 410 1477 594 1525; x_wconf 75' lang='lat' dir='ltr'>Iiumilis</span> <span class='ocrx_word' id='word_1_151' title='bbox 614 1479 839 1542; x_wconf 85' lang='lat' dir='ltr'>pervenire</span> <span class='ocrx_word' id='word_1_152' title='bbox 862 1480 1011 1542; x_wconf 81' lang='lat' dir='ltr'>possit.</span> 
     </span>
    </p>

    <p class='ocr_par' dir='ltr' id='par_1_4' title="bbox 410 1546 1797 2393">
     <span class='ocr_line' id='line_1_19' title="bbox 475 1546 1789 1611; baseline -0.002 -17"><span class='ocrx_word' id='word_1_153' title='bbox 475 1549 528 1596; x_wconf 82' lang='lat' dir='ltr'>V.</span> <span class='ocrx_word' id='word_1_154' title='bbox 573 1547 775 1594; x_wconf 86' lang='lat' dir='ltr'>Secunda</span> <span class='ocrx_word' id='word_1_155' title='bbox 796 1547 952 1611; x_wconf 87' lang='lat' dir='ltr'>petitio</span> <span class='ocrx_word' id='word_1_156' title='bbox 973 1557 1036 1593; x_wconf 89' lang='lat' dir='ltr'>est</span> <span class='ocrx_word' id='word_1_157' title='bbox 1059 1556 1213 1592; x_wconf 76' lang='lat' dir='ltr'>contra</span> <span class='ocrx_word' id='word_1_158' title='bbox 1238 1546 1448 1592; x_wconf 82' lang='lat' dir='ltr'>invidiam</span> <span class='ocrx_word' id='word_1_159' title='bbox 1471 1563 1559 1609; x_wconf 85' lang='lat' dir='ltr'>qua</span> <span class='ocrx_word' id='word_1_160' title='bbox 1589 1546 1753 1593; x_wconf 89' lang='lat' dir='ltr'>dicitur</span> <span class='ocrx_word' id='word_1_161' title='bbox 1777 1561 1789 1591; x_wconf 74' lang='grc' dir='ltr'><strong><em>ε</em></strong></span> 
     </span>
     <span class='ocr_line' id='line_1_20' title="bbox 411 1617 1795 1681; baseline -0.002 -16"><span class='ocrx_word' id='word_1_162' title='bbox 411 1641 431 1661; x_wconf 76' lang='grc' dir='ltr'>α</span> <span class='ocrx_word' id='word_1_163' title='bbox 459 1618 677 1666; x_wconf 85' lang='lat' dir='ltr'>Adveniat</span> <span class='ocrx_word' id='word_1_164' title='bbox 698 1635 879 1679; x_wconf 88' lang='lat' dir='ltr'>regnum</span> <span class='ocrx_word' id='word_1_165' title='bbox 900 1628 1043 1663; x_wconf 86' lang='lat' dir='ltr'>tuum.</span> <span class='ocrx_word' id='word_1_166' title='bbox 1079 1639 1099 1658; x_wconf 72' lang='lat' dir='ltr'>n</span> <span class='ocrx_word' id='word_1_167' title='bbox 1131 1617 1336 1677; x_wconf 84' lang='lat' dir='ltr'>Regnum</span> <span class='ocrx_word' id='word_1_168' title='bbox 1372 1617 1587 1681; x_wconf 88' lang='lat' dir='ltr'>siquidem</span> <span class='ocrx_word' id='word_1_169' title='bbox 1618 1619 1697 1663; x_wconf 85' lang='lat' dir='ltr'>Dei</span> <span class='ocrx_word' id='word_1_170' title='bbox 1732 1625 1795 1662; x_wconf 88' lang='lat' dir='ltr'>est</span> 
     </span>
     <span class='ocr_line' id='line_1_21' title="bbox 411 1687 1791 1753; baseline -0.001 -18"><span class='ocrx_word' id='word_1_171' title='bbox 411 1689 526 1735; x_wconf 85' lang='lat' dir='ltr'>salus</span> <span class='ocrx_word' id='word_1_172' title='bbox 545 1688 777 1745; x_wconf 85' lang='lat' dir='ltr'>hominum</span> <span class='ocrx_word' id='word_1_173' title='bbox 798 1709 810 1743; x_wconf 91' lang='lat'>;</span> <span class='ocrx_word' id='word_1_174' title='bbox 831 1689 934 1753; x_wconf 81' lang='lat' dir='ltr'>quia</span> <span class='ocrx_word' id='word_1_175' title='bbox 956 1700 1062 1734; x_wconf 89' lang='lat' dir='ltr'>tunc</span> <span class='ocrx_word' id='word_1_176' title='bbox 1080 1687 1124 1733; x_wconf 94' lang='lat' dir='ltr'>in</span> <span class='ocrx_word' id='word_1_177' title='bbox 1138 1687 1400 1734; x_wconf 87' lang='lat' dir='ltr'>hominibus</span> <span class='ocrx_word' id='word_1_178' title='bbox 1414 1706 1592 1749; x_wconf 84' lang='lat' dir='ltr'>regnare</span> <span class='ocrx_word' id='word_1_179' title='bbox 1607 1689 1791 1745; x_wconf 85' lang='lat' dir='ltr'>dicitur,</span> 
     </span>
     <span class='ocr_line' id='line_1_22' title="bbox 410 1758 1794 1824; baseline -0.001 -18"><span class='ocrx_word' id='word_1_180' title='bbox 410 1759 590 1824; x_wconf 87' lang='lat' dir='ltr'>quando</span> <span class='ocrx_word' id='word_1_181' title='bbox 610 1758 692 1823; x_wconf 87' lang='lat' dir='ltr'>ipsi</span> <span class='ocrx_word' id='word_1_182' title='bbox 712 1759 911 1805; x_wconf 87' lang='lat' dir='ltr'>homines</span> <span class='ocrx_word' id='word_1_183' title='bbox 931 1761 1022 1804; x_wconf 92' lang='lat' dir='ltr'>Deo</span> <span class='ocrx_word' id='word_1_184' title='bbox 1042 1758 1362 1818; x_wconf 78' lang='lat' dir='ltr'>subjicIuntur‚</span> <span class='ocrx_word' id='word_1_185' title='bbox 1396 1760 1530 1805; x_wconf 87' lang='lat' dir='ltr'>modo</span> <span class='ocrx_word' id='word_1_186' title='bbox 1555 1777 1635 1824; x_wconf 88' lang='lat' dir='ltr'>per</span> <span class='ocrx_word' id='word_1_187' title='bbox 1659 1759 1794 1806; x_wconf 89' lang='lat' dir='ltr'>fidem</span> 
     </span>
     <span class='ocr_line' id='line_1_23' title="bbox 412 1828 1795 1894; baseline -0.001 -17"><span class='ocrx_word' id='word_1_188' title='bbox 412 1830 704 1885; x_wconf 74' lang='lat' dir='ltr'>adhaerendo,</span> <span class='ocrx_word' id='word_1_189' title='bbox 721 1840 762 1875; x_wconf 89' lang='lat' dir='ltr'>et</span> <span class='ocrx_word' id='word_1_190' title='bbox 780 1840 880 1893; x_wconf 87' lang='lat' dir='ltr'>post</span> <span class='ocrx_word' id='word_1_191' title='bbox 900 1828 1101 1875; x_wconf 77' lang='lat' dir='ltr'>mirando</span> <span class='ocrx_word' id='word_1_192' title='bbox 1126 1828 1179 1874; x_wconf 84' lang='lat' dir='ltr'>ad</span> <span class='ocrx_word' id='word_1_193' title='bbox 1203 1828 1356 1874; x_wconf 83' lang='lat' dir='ltr'>faciem</span> <span class='ocrx_word' id='word_1_194' title='bbox 1377 1829 1464 1893; x_wconf 87' lang='lat' dir='ltr'><strong>(l).</strong></span> <span class='ocrx_word' id='word_1_195' title='bbox 1488 1831 1579 1887; x_wconf 84' lang='lat' dir='ltr'>Qui</span> <span class='ocrx_word' id='word_1_196' title='bbox 1602 1847 1702 1891; x_wconf 86' lang='lat' dir='ltr'>ergo</span> <span class='ocrx_word' id='word_1_197' title='bbox 1720 1847 1795 1894; x_wconf 88' lang='lat' dir='ltr'>pe·</span> 
     </span>
     <span class='ocr_line' id='line_1_24' title="bbox 413 1899 1796 1966; baseline -0.001 -18"><span class='ocrx_word' id='word_1_198' title='bbox 413 1903 495 1959; x_wconf 85' lang='lat' dir='ltr'>tit,</span> <span class='ocrx_word' id='word_1_199' title='bbox 530 1913 578 1948; x_wconf 89' lang='lat' dir='ltr'>ut</span> <span class='ocrx_word' id='word_1_200' title='bbox 609 1917 791 1962; x_wconf 88' lang='lat' dir='ltr'>regnum</span> <span class='ocrx_word' id='word_1_201' title='bbox 834 1901 912 1946; x_wconf 92' lang='lat' dir='ltr'>Dei</span> <span class='ocrx_word' id='word_1_202' title='bbox 949 1899 1182 1956; x_wconf 79' lang='lat' dir='ltr'>adveniat,</span> <span class='ocrx_word' id='word_1_203' title='bbox 1210 1899 1409 1962; x_wconf 86' lang='lat' dir='ltr'>profecto</span> <span class='ocrx_word' id='word_1_204' title='bbox 1429 1900 1613 1947; x_wconf 86' lang='lat' dir='ltr'>salutem</span> <span class='ocrx_word' id='word_1_205' title='bbox 1633 1901 1796 1966; x_wconf 83' lang='lat' dir='ltr'>quaerit</span> 
     </span>
     <span class='ocr_line' id='line_1_25' title="bbox 413 1971 1796 2035; baseline -0.001 -16"><span class='ocrx_word' id='word_1_206' title='bbox 413 1973 645 2019; x_wconf 89' lang='lat' dir='ltr'>hominum</span> <span class='ocrx_word' id='word_1_207' title='bbox 667 2007 677 2024; x_wconf 80' lang='lat'>‚</span> <span class='ocrx_word' id='word_1_208' title='bbox 703 1989 751 2018; x_wconf 88' lang='lat' dir='ltr'>ac</span> <span class='ocrx_word' id='word_1_209' title='bbox 771 1989 849 2035; x_wconf 88' lang='lat' dir='ltr'>per</span> <span class='ocrx_word' id='word_1_210' title='bbox 870 1971 956 2017; x_wconf 92' lang='lat' dir='ltr'>hoc</span> <span class='ocrx_word' id='word_1_211' title='bbox 979 1971 1085 2016; x_wconf 88' lang='lat' dir='ltr'>dum</span> <span class='ocrx_word' id='word_1_212' title='bbox 1107 1987 1389 2017; x_wconf 88' lang='lat' dir='ltr'>communem</span> <span class='ocrx_word' id='word_1_213' title='bbox 1414 1971 1647 2019; x_wconf 87' lang='lat' dir='ltr'>homiuum</span> <span class='ocrx_word' id='word_1_214' title='bbox 1681 1971 1796 2018; x_wconf 85' lang='lat' dir='ltr'>salu-</span> 
     </span>
     <span class='ocr_line' id='line_1_26' title="bbox 411 2042 1797 2109; baseline -0.002 -18"><span class='ocrx_word' id='word_1_215' title='bbox 411 2056 495 2091; x_wconf 87' lang='lat' dir='ltr'>tem</span> <span class='ocrx_word' id='word_1_216' title='bbox 517 2043 732 2109; x_wconf 80' lang='lat' dir='ltr'>postulat,</span> <span class='ocrx_word' id='word_1_217' title='bbox 762 2043 946 2088; x_wconf 84' lang='lat' dir='ltr'>livorem</span> <span class='ocrx_word' id='word_1_218' title='bbox 971 2042 1246 2089; x_wconf 72' lang='lat' dir='ltr'>saevientium</span> <span class='ocrx_word' id='word_1_219' title='bbox 1272 2059 1314 2088; x_wconf 93' lang='lat' dir='ltr'>se</span> <span class='ocrx_word' id='word_1_220' title='bbox 1334 2043 1571 2106; x_wconf 87' lang='lat' dir='ltr'>reprobare</span> <span class='ocrx_word' id='word_1_221' title='bbox 1591 2043 1797 2099; x_wconf 89' lang='lat' dir='ltr'>demons-</span> 
     </span>
     <span class='ocr_line' id='line_1_27' title="bbox 412 2112 1795 2179; baseline -0.002 -16"><span class='ocrx_word' id='word_1_222' title='bbox 412 2127 488 2163; x_wconf 89' lang='lat' dir='ltr'>tat.</span> <span class='ocrx_word' id='word_1_223' title='bbox 511 2114 627 2162; x_wconf 89' lang='lat' dir='ltr'>Huic</span> <span class='ocrx_word' id='word_1_224' title='bbox 650 2115 852 2179; x_wconf 84' lang='lat' dir='ltr'>petitioni</span> <span class='ocrx_word' id='word_1_225' title='bbox 877 2113 1009 2160; x_wconf 83' lang='lat' dir='ltr'>datur</span> <span class='ocrx_word' id='word_1_226' title='bbox 1031 2113 1211 2177; x_wconf 89' lang='lat' dir='ltr'>spiritus</span> <span class='ocrx_word' id='word_1_227' title='bbox 1239 2112 1309 2177; x_wconf 78' lang='lat'>(2)</span> <span class='ocrx_word' id='word_1_228' title='bbox 1330 2113 1525 2177; x_wconf 85' lang='lat' dir='ltr'>pietatis,</span> <span class='ocrx_word' id='word_1_229' title='bbox 1553 2125 1600 2160; x_wconf 84' lang='lat' dir='ltr'>ut</span> <span class='ocrx_word' id='word_1_230' title='bbox 1621 2114 1714 2178; x_wconf 89' lang='lat' dir='ltr'>ipse</span> <span class='ocrx_word' id='word_1_231' title='bbox 1738 2112 1795 2160; x_wconf 86' lang='lat' dir='ltr'>ad</span> 
     </span>
     <span class='ocr_line' id='line_1_28' title="bbox 412 2183 1795 2250; baseline -0.003 -15"><span class='ocrx_word' id='word_1_232' title='bbox 412 2205 490 2235; x_wconf 88' lang='lat' dir='ltr'>cor</span> <span class='ocrx_word' id='word_1_233' title='bbox 507 2191 685 2235; x_wconf 88' lang='lat' dir='ltr'>veniens</span> <span class='ocrx_word' id='word_1_234' title='bbox 704 2186 759 2232; x_wconf 86' lang='lat' dir='ltr'>ad</span> <span class='ocrx_word' id='word_1_235' title='bbox 779 2185 1092 2246; x_wconf 81' lang='lat' dir='ltr'>benignitatem</span> <span class='ocrx_word' id='word_1_236' title='bbox 1112 2184 1225 2230; x_wconf 67' lang='lat' dir='ltr'>illud,</span> <span class='ocrx_word' id='word_1_237' title='bbox 1241 2185 1453 2231; x_wconf 85' lang='lat' dir='ltr'>accendat</span> <span class='ocrx_word' id='word_1_238' title='bbox 1469 2223 1480 2240; x_wconf 93' lang='lat'>‚</span> <span class='ocrx_word' id='word_1_239' title='bbox 1502 2196 1718 2250; x_wconf 86' lang='lat' dir='ltr'>quatenus</span> <span class='ocrx_word' id='word_1_240' title='bbox 1739 2183 1795 2231; x_wconf 84' lang='lat' dir='ltr'>ad</span> 
     </span>
     <span class='ocr_line' id='line_1_29' title="bbox 413 2254 1795 2319; baseline -0.004 -13"><span class='ocrx_word' id='word_1_241' title='bbox 413 2259 610 2317; x_wconf 84' lang='lat' dir='ltr'>eamdem</span> <span class='ocrx_word' id='word_1_242' title='bbox 642 2258 778 2304; x_wconf 90' lang='lat' dir='ltr'>homo</span> <span class='ocrx_word' id='word_1_243' title='bbox 812 2270 986 2303; x_wconf 82' lang='lat' dir='ltr'>aeternae</span> <span class='ocrx_word' id='word_1_244' title='bbox 1033 2255 1308 2301; x_wconf 73' lang='lat' dir='ltr'>haereditatis</span> <span class='ocrx_word' id='word_1_245' title='bbox 1351 2257 1665 2319; x_wconf 87' lang='lat' dir='ltr'>possessionem</span> <span class='ocrx_word' id='word_1_246' title='bbox 1686 2293 1698 2313; x_wconf 86' lang='lat'>‚</span> <span class='ocrx_word' id='word_1_247' title='bbox 1738 2254 1795 2312; x_wconf 82' lang='lat' dir='ltr'>ad</span> 
     </span>
     <span class='ocr_line' id='line_1_30' title="bbox 414 2327 1540 2393; baseline -0.002 -17"><span class='ocrx_word' id='word_1_248' title='bbox 414 2347 547 2393; x_wconf 87' lang='lat' dir='ltr'>quam</span> <span class='ocrx_word' id='word_1_249' title='bbox 564 2329 631 2390; x_wconf 78' lang='lat'>(3)</span> <span class='ocrx_word' id='word_1_250' title='bbox 648 2328 754 2374; x_wconf 88' lang='lat' dir='ltr'>alios</span> <span class='ocrx_word' id='word_1_251' title='bbox 774 2328 999 2391; x_wconf 87' lang='lat' dir='ltr'>pervenire</span> <span class='ocrx_word' id='word_1_252' title='bbox 1015 2327 1158 2390; x_wconf 78' lang='lat' dir='ltr'>cupit,</span> <span class='ocrx_word' id='word_1_253' title='bbox 1185 2327 1276 2390; x_wconf 85' lang='lat' dir='ltr'>ipse</span> <span class='ocrx_word' id='word_1_254' title='bbox 1297 2327 1540 2390; x_wconf 84' lang='lat' dir='ltr'>perveniat.</span> 
     </span>
    </p>

    <p class='ocr_par' dir='ltr' id='par_1_5' title="bbox 476 2396 1796 2462">
     <span class='ocr_line' id='line_1_31' title="bbox 476 2396 1796 2462; baseline -0.001 -16"><span class='ocrx_word' id='word_1_255' title='bbox 476 2399 552 2447; x_wconf 81' lang='lat' dir='ltr'>VI.</span> <span class='ocrx_word' id='word_1_256' title='bbox 594 2398 742 2445; x_wconf 86' lang='lat' dir='ltr'>Tertia</span> <span class='ocrx_word' id='word_1_257' title='bbox 761 2397 915 2462; x_wconf 85' lang='lat' dir='ltr'>petitio</span> <span class='ocrx_word' id='word_1_258' title='bbox 931 2408 991 2443; x_wconf 87' lang='lat' dir='ltr'>est</span> <span class='ocrx_word' id='word_1_259' title='bbox 1010 2408 1162 2444; x_wconf 79' lang='lat' dir='ltr'>contra</span> <span class='ocrx_word' id='word_1_260' title='bbox 1175 2398 1287 2443; x_wconf 89' lang='lat' dir='ltr'>iram</span> <span class='ocrx_word' id='word_1_261' title='bbox 1300 2434 1311 2454; x_wconf 87' lang='lat'><em>,</em></span> <span class='ocrx_word' id='word_1_262' title='bbox 1331 2414 1420 2461; x_wconf 88' lang='lat' dir='ltr'>qua</span> <span class='ocrx_word' id='word_1_263' title='bbox 1447 2396 1616 2444; x_wconf 87' lang='lat' dir='ltr'>dicitur</span> <span class='ocrx_word' id='word_1_264' title='bbox 1631 2415 1643 2443; x_wconf 73' lang='grc' dir='ltr'>ε</span> <span class='ocrx_word' id='word_1_265' title='bbox 1660 2418 1682 2441; x_wconf 88' lang='grc'>«</span> <span class='ocrx_word' id='word_1_266' title='bbox 1700 2398 1796 2445; x_wconf 81' lang='lat' dir='ltr'>Fiat</span> 
     </span>
    </p>
   </div>
   <div class='ocr_carea' id='block_1_3' title="bbox 466 2513 1151 2559">
    <p class='ocr_par' dir='ltr' id='par_1_6' title="bbox 466 2513 1151 2559">
     <span class='ocr_line' id='line_1_32' title="bbox 466 2513 1151 2559; baseline -0.004 -9"><span class='ocrx_word' id='word_1_267' title='bbox 466 2522 474 2543; x_wconf 72' lang='grc' dir='ltr'>Ι</span> <span class='ocrx_word' id='word_1_268' title='bbox 493 2518 573 2559; x_wconf 77' lang='lat' dir='ltr'>Psal.</span> <span class='ocrx_word' id='word_1_269' title='bbox 590 2527 704 2552; x_wconf 67' lang='lat' dir='ltr'>vam,</span> <span class='ocrx_word' id='word_1_270' title='bbox 726 2517 758 2547; x_wconf 78' lang='lat'>3.</span> <span class='ocrx_word' id='word_1_271' title='bbox 776 2532 822 2539; x_wconf 92' lang='lat'><em>-</em></span> <span class='ocrx_word' id='word_1_272' title='bbox 841 2513 855 2536; x_wconf 83' lang='lat'>²</span> <span class='ocrx_word' id='word_1_273' title='bbox 870 2515 918 2546; x_wconf 91' lang='lat' dir='ltr'>Id.</span> <span class='ocrx_word' id='word_1_274' title='bbox 938 2525 1052 2553; x_wconf 73' lang='lat' dir='ltr'>xxxix,</span> <span class='ocrx_word' id='word_1_275' title='bbox 1069 2526 1100 2552; x_wconf 78' lang='lat'>2,</span> <span class='ocrx_word' id='word_1_276' title='bbox 1121 2517 1151 2550; x_wconf 78' lang='grc'>3.</span> 
     </span>
    </p>
   </div>
   <div class='ocr_carea' id='block_1_4' title="bbox 465 2593 1798 2642">
    <p class='ocr_par' dir='ltr' id='par_1_7' title="bbox 465 2593 1798 2642">
     <span class='ocr_line' id='line_1_33' title="bbox 465 2593 1798 2642; baseline 0.004 -18"><span class='ocrx_word' id='word_1_277' title='bbox 465 2597 514 2642; x_wconf 73' lang='lat'>(1)</span> <span class='ocrx_word' id='word_1_278' title='bbox 539 2595 622 2629; x_wconf 83' lang='lat' dir='ltr'>Cod.</span> <span class='ocrx_word' id='word_1_279' title='bbox 644 2595 797 2625; x_wconf 80' lang='lat' dir='ltr'>merendo</span> <span class='ocrx_word' id='word_1_280' title='bbox 813 2605 874 2635; x_wconf 79' lang='lat' dir='ltr'>per</span> <span class='ocrx_word' id='word_1_281' title='bbox 891 2594 1042 2636; x_wconf 79' lang='lat' dir='ltr'>speciem.</span> <span class='ocrx_word' id='word_1_282' title='bbox 1053 2610 1101 2618; x_wconf 91' lang='lat'>—</span> <span class='ocrx_word' id='word_1_283' title='bbox 1114 2593 1164 2637; x_wconf 64' lang='grc' dir='ltr'>(α)</span> <span class='ocrx_word' id='word_1_284' title='bbox 1181 2594 1229 2627; x_wconf 79' lang='lat' dir='ltr'>Id.</span> <span class='ocrx_word' id='word_1_285' title='bbox 1244 2594 1326 2626; x_wconf 81' lang='lat' dir='ltr'>male</span> <span class='ocrx_word' id='word_1_286' title='bbox 1346 2594 1480 2628; x_wconf 76' lang='lat' dir='ltr'>scilicet.</span> <span class='ocrx_word' id='word_1_287' title='bbox 1495 2613 1542 2621; x_wconf 95' lang='lat'><strong>—</strong></span> <span class='ocrx_word' id='word_1_288' title='bbox 1565 2594 1616 2642; x_wconf 81' lang='lat'>(3)</span> <span class='ocrx_word' id='word_1_289' title='bbox 1631 2596 1680 2631; x_wconf 75' lang='lat' dir='ltr'>ld.</span> <span class='ocrx_word' id='word_1_290' title='bbox 1698 2597 1798 2640; x_wconf 77' lang='lat' dir='ltr'>quod.</span> 
     </span>
    </p>
   </div>
  </div>
 </body>
</html>
