1885 3284
351 313 493 343 SERMO
532 314 668 354 XXXV,
709 316 750 343 13
791 315 927 343 COE-NA
965 314 1127 344 DoMlM
1169 315 1214 344 11.
1398 318 1478 362 177

102 380 228 421 batur
247 378 411 436 potenti
429 394 645 435 personae,
671 379 804 422 soedos
827 378 1006 435 alicujus
1029 380 1156 435 pedes
1176 380 1337 428 lavare3
1367 383 1480 436 quod

101 445 225 487 etiam
245 454 414 486 sanctus
438 444 650 487 Abraham
683 445 851 502 propria
889 460 1015 486 manu
1060 460 1141 486 non
1176 445 1477 501 dignabatur¹,

102 512 175 552 sed
197 525 338 552 servos
351 511 400 551 ad
415 510 495 551 hoc
515 511 736 566 deputatos
756 511 794 552 in
815 511 940 552 domo
965 511 1368 567 protranseuntibus
1386 526 1480 552 cum

101 590 252 633 magno
275 575 436 617 fervore
459 576 642 617 tenebat.
691 576 773 618 Sed
802 577 953 623 modo,
979 591 1003 616 o
1027 590 1153 631 quam
1179 576 1428 632 gloriosum,
1458 590 1481 617 o

101 655 227 697 quam
251 642 478 688 decorum,
513 656 537 682 o
561 656 687 698 quau]
722 640 933 683 ineffabile
962 642 1088 698 pedes
1125 641 1300 684 infectos
1342 643 1480 684 lavare

101 705 252 748 mentis
290 715 332 748 et
366 706 577 762 corporis!
603 721 627 747 o
656 707 800 762 quanti
825 706 988 755 meriti,
1031 721 1054 748 ο
1088 706 1233 762 quanti
1256 707 1363 748 lucri
1396 717 1475 755 est,

102 772 282 830 proximi
305 771 437 829 pedes·
453 772 607 813 mentis
632 788 652 813 a
675 774 798 814 sorde
821 772 984 828 peccati
1009 773 1179 814 abluere
1201 772 1210 812 Ξ
1234 771 1349 814 Vade
1365 787 1484 828 ergo,

103 853 127 878 o
149 838 311 885 Pastor,
340 837 431 878 lava
461 838 587 892 pedes
620 839 880 879 camelorum
925 847 1123 885 tuorum,
1180 845 1226 878 ut
1266 837 1482 878 ambulare

103 903 263 960 possint
284 903 336 944 ad
361 910 548 943 montem
565 902 640 944 Dei
663 903 803 951 Oreb;
829 918 927 945 nam
952 903 1111 945 debiles
1130 911 1250 951 sunt;
1272 902 1484 958 adjutorio

103 968 302 1024 indigent.
336 966 447 1009 Lava
471 982 570 1024 ergo
606 983 702 1016 eOS,
740 968 916 1010 infunde
950 968 991 1009 in
1027 969 1207 1025 pedibus
1243 968 1304 1024 (ι)
1334 967 1486 1009 mentis

105 1035 259 1077 Christi
282 1034 586 1081 humilitatem3
613 1034 678 1075 fac
698 1036 811 1090 quod
829 1035 1021 1077 Christus
1044 1035 1171 1084 secit;
1196 1050 1291 1076 nam
1315 1043 1488 1091 propter

104 1109 144 1142 to
167 1100 251 1142 hoc
278 1099 392 1141 fecit.
419 1099 633 1155 Sequitur,
660 1099 837 1141 fratres:
865 1115 978 1142 nunc
1005 1101 1147 1142 audite
1173 1102 1288 1157 quod
1314 1102 1484 1142 locutus

106 1166 230 1208 suerit
252 1165 442 1207 Christus
464 1164 676 1222 piscatori.
701 1165 769 1207 Ait
783 1166 895 1207 enim
918 1166 1113 1223 Magister
1126 1166 1376 1208 humilitatis
1391 1181 1399 1207 ε
1416 1164 1486 1207 «Si

106 1246 223 1273 »non
240 1232 383 1273 lavero
403 1239 466 1279 te,
492 1245 576 1272 non
602 1230 777 1272 habebis
802 1241 964 1288 partem
988 1231 1197 1274 mecum2.
1223 1250 1238 1271 n

169 1296 232 1339 [V.
273 1297 371 1348 Quo
389 1297 516 1337 verbo
539 1297 726 1352 prolato,
755 1297 876 1338 altius
897 1299 1050 1339 clamat
1067 1298 1231 1344 Petrus,
1258 1298 1388 1354 pedes
1407 1310 1485 1353 pa-

103 1371 188 1410 rat,
223 1376 373 1404 manus
395 1361 585 1409 festinat,
617 1371 763 1418 pectus
789 1362 1074 1419 discooperire
1098 1363 1334 1414 accelerat,
1360 1369 1487 1418 caput

102 1427 301 1476 inclinat,
328 1428 456 1468 corde
473 1435 516 1468 et
537 1427 740 1468 memhris
763 1435 860 1468 ante
877 1427 1136 1469 Salvatorem
1159 1443 1201 1469 se
1221 1427 1418 1474 inclinat,
1444 1433 1486 1467 et

101 1493 203 1535 dicit
229 1492 485 1539 :aDomine‚
510 1507 594 1533 non
626 1501 790 1534 tantum
814 1494 941 1549 pedes
973 1508 1116 1541 meos,
1148 1493 1220 1534 sed
1242 1501 1284 1534 et
1316 1507 1480 1539 manus,

103 1567 173 1600 »ct
192 1556 343 1616 caput³
362 1590 372 1606 ‚
393 1577 408 1595 ι»
443 1566 490 1599 ut
511 1572 596 1598 non
619 1559 801 1614 expellas
823 1573 891 1599 me
905 1559 954 1600 ab
980 1557 1273 1616 expectatione
1296 1572 1404 1599 mea.
1430 1556 1482 1598 Et

99 1623 202 1679 quid
224 1624 378 1665 mirum
402 1655 411 1670 ,
436 1622 584 1664 fratres
600 1653 612 1672 ‚
637 1622 669 1663 si
691 1622 838 1664 Petrus
861 1623 942 1664 hoc
968 1623 1169 1665 dicebat?
1193 1623 1296 1665 Nam
1324 1630 1480 1663 tantam

99 1688 311 1737 laetitiam,
337 1696 496 1730 tantam
523 1687 722 1743 gloriam,
752 1697 915 1730 tantum
948 1690 1150 1745 gaudium
1170 1688 1228 1744 (2)
1253 1688 1294 1729 in
1316 1685 1481 1728 transfi-

100 1753 320 1810 guratione
357 1752 505 1794 Petrus
546 1752 705 1794 viderat
726 1784 736 1800 ,
773 1753 886 1808 quod
922 1753 1011 1794 sine
1052 1753 1219 1795 Christo
1260 1751 1398 1793 vivere
1436 1766 1480 1792 se

100 1833 223 1876 posse
251 1818 310 1874 (5)
338 1833 421 1860 non
445 1817 654 1859 credebat.

159 1883 205 1925 V.
245 1884 297 1925 Et
317 1883 412 1925 lotis
433 1882 682 1940 Discipulis‚
713 1883 839 1940 coepit
862 1882 920 1924 eis
945 1883 1085 1924 dicere
1109 1891 1151 1924 et
1174 1883 1226 1924 ad
1242 1881 1478 1924 dilectionis

99 1949 316 1990 vinculum
330 1947 543 1990 exhortari
564 1963 573 1988 :
591 1965 606 1985 α
619 1947 715 1998 Quo
733 1963 810 2004 ego
828 1949 949 1996 vado,
971 1963 1044 1989 vos
1061 1962 1144 1989 non
1164 1948 1336 2004 potestis
1351 1947 1478 1988 modo

100 2014 272 2070 »sequi‘
292 2030 303 2062 ;
325 2032 338 2053 1»
361 2021 404 2055 et
426 2027 597 2054 necesse
618 2021 702 2061 est,
730 2021 775 2053 ut
801 2027 870 2053 vos
899 2027 1076 2069 corpore
1098 2012 1355 2069 relinquam3
1381 2012 1476 2053 ideo

111 2098 125 2117 ο
146 2080 388 2121 Mandatum
413 2093 567 2119 novum
586 2080 640 2120 do
661 2078 780 2119 vobis
796 2112 804 2126 ,
823 2087 869 2119 ut
887 2078 1065 2134 diligatis
1089 2078 1266 2119 invicem
1295 2093 1304 2118 ε
1330 2077 1370 2118 in
1394 2076 1475 2119 hoc

100 2145 212 2187 enim
236 2152 470 2200 agnoscent
498 2143 595 2199 qnia
624 2143 706 2184 mei
740 2142 837 2185 estis
874 2143 1092 2198 discipuli,
1132 2143 1164 2184 si
1201 2142 1473 2184 dilectionem

101 2229 115 2250 ι
131 2208 425 2250 habueritis⁵.»
454 2208 723 2249 Discessurus
744 2223 836 2249 sum
864 2223 883 2250 a
904 2208 1020 2249 vobis
1045 2209 1096 2249 ad
1111 2216 1290 2264 tempus,
1312 2215 1353 2248 et
1370 2208 1475 2248 vado

101 2276 153 2316 ad
174 2274 340 2316 Patrem
356 2306 367 2323 ,
391 2282 433 2315 et
455 2273 613 2330 parabo
631 2273 748 2314 vobis
774 2273 910 2321 viam,
936 2281 976 2314 et
994 2287 1162 2314 murum
1188 2273 1258 2329 qui
1285 2282 1346 2314 est
1367 2272 1476 2314 inter

99 2355 172 2382 vos
195 2350 237 2382 et
257 2340 423 2382 Patrem
446 2340 647 2387 obruam;
670 2338 765 2380 ideo
795 2356 809 2377 α
827 2338 918 2381 Non
942 2339 1113 2396 potestis
1140 2338 1282 2380 venire
1299 2339 1465 2380 modo.»

148 2464 158 2485 ¹
184 2465 270 2496 Gen.
293 2473 390 2501 xwu,
421 2468 454 2498 4.
476 2479 520 2485 -
540 2459 555 2482 2
583 2464 679 2493 Joan.
708 2471 780 2501 xm,
804 2461 835 2493 8.
866 2478 909 2484 —-
937 2458 952 2483 3
988 2460 1072 2493 Ibid.
1095 2472 1128 2501 9.
1153 2477 1198 2484 —-
1221 2458 1234 2482 ⁴
1258 2460 1339 2492 Ibid.
1362 2462 1415 2492 33.
1435 2480 1476 2485 -

99 2518 113 2542 ⁵
131 2519 214 2551 lbid.
239 2521 293 2557 34,
317 2520 368 2550 35.

147 2603 197 2647 (ι)
217 2604 332 2636 Melius
353 2605 513 2646 legeretur
531 2603 645 2645 pedfs.
664 2620 708 2626 -
725 2601 775 2646 (22,
795 2602 872 2634 cod,
891 2611 984 2633 tama
1003 2603 1127 2634 latitia.
1148 2611 1240 2633 tama
1258 2603 1373 2639 gloria,
1393 2613 1483 2634 tamo

99 2660 233 2702 gaudio.
257 2678 300 2684 -
325 2658 376 2706 (3)
391 2658 595 2691 Desuuthaec
610 2659 675 2688 dno
694 2658 788 2688 xci-ba
811 2658 840 2688 in
861 2658 931 2689 cod.

263 2744 394 2774 cxxxi
422 2728 504 2773 bis.
1267 2744 1276 2770 1
1292 2745 1314 2770 υ
