1868 3301
313 406 392 467 '17⁶2
571 419 606 450 s.
650 419 893 449 AUGts'rlm
933 418 1134 449 Eris‘corl
1169 418 1405 450 APPENDIX.

362 484 449 526 VII.
487 485 660 527 Interim
691 485 861 540 quidam
896 484 957 525 xii·
992 483 1168 531 nobilis,
1196 483 1354 542 <loseph
1380 484 1573 534 nomine,
1603 485 1675 541 qui

300 551 400 592 licet
422 551 615 599 occulte,
653 559 791 592 tamen
818 550 1050 607 discipulus
1069 549 1159 605 ejus
1186 559 1292 597 erat,
1319 551 1583 594 confidenter
1615 552 1676 593 in-

300 615 490 671 greditur
515 616 567 657 ad
588 615 766 658 Pilatum
786 648 795 663 ,
833 614 1001 657 Domini
1033 615 1130 655 Jesu
1166 629 1320 672 corpus
1353 617 1568 671 postulans
1600 615 1677 657 sibi

302 681 405 723 dari.
430 681 528 733 Quo
547 696 748 724 concesso
764 715 772 729 ,
798 680 1046 722 convocavit
1068 681 1118 722 ad
1143 695 1185 721 se
1206 682 1432 736 quemdam
1452 683 1585 723 virum
1611 697 1678 722 sa-

299 747 484 803 pientem
510 747 681 788 nomine
707 746 1002 793 Nicodemum,
1028 745 1097 801 qui
1126 753 1166 786 et
1184 745 1271 801 ipse
1293 747 1460 787 occulte
1490 747 1680 788 similiter

301 812 530 870 discipulus
559 812 713 854 Christi
735 820 844 860 erat,
866 819 907 852 et
928 815 1135 852 venerunt
1157 811 1206 852 ad
1225 811 1366 853 locum
1388 812 1458 853 ubi
1478 812 1679 854 Dominus

298 876 421 919 Jesus
454 878 588 919 fuerat
621 875 847 920 crucifixus
864 908 874 924 ,
898 876 1131 918 ministeria
1157 891 1301 918 secum
1323 877 1504 918 ferentes
1530 878 1681 934 quibus

302 946 428 987 clavis
441 946 594 987 evulsis
613 947 824 1002 deponere
839 953 1009 1002 possent
1023 944 1321 1001 corpus.Qu0s
1336 947 1435 987 dum
1447 946 1578 989 Mater
1592 946 1683 1003 ejus

301 1011 405 1052 vidit
430 1026 582 1069 corpus
602 1012 815 1068 deponere
831 1010 1063 1066 cupientes,
1077 1010 1194 1066 quasi
1211 1011 1262 1051 de
1274 1019 1411 1052 morte
1426 1026 1684 1068 consurgens

304 1078 473 1135 spiritus
501 1077 592 1133 ejus
612 1076 776 1125 revixit,
803 1085 844 1118 et
868 1076 971 1117 illud
995 1077 1110 1132 quod
1136 1085 1300 1133 poterat
1323 1077 1578 1132 adjutorium
1605 1077 1685 1118 mi-

304 1144 534 1192 nistrabat3
562 1158 743 1200 quorum
763 1143 863 1184 dum
882 1157 989 1184 unus
1015 1143 1154 1184 clavos
1175 1143 1369 1184 trahebat
1392 1145 1443 1184 de
1460 1143 1653 1185 manibus
1668 1175 1680 1193 ‚

305 1211 408 1251 alter
433 1225 484 1251 ne
512 1211 679 1251 caderet
715 1223 867 1266 corpus
896 1208 1088 1250 exanime
1113 1209 1370 1257 sustinebat,
1397 1210 1535 1251 stabat
1556 1209 1683 1252 Maria

305 1274 480 1317 brachia
497 1276 641 1317 levans
664 1275 704 1316 in
729 1276 860 1316 altum
889 1282 931 1316 et
958 1289 1112 1331 corpus
1143 1274 1298 1316 Christi
1326 1290 1558 1331 manusque
1583 1290 1687 1332 pen-

307 1342 453 1383 dentes
476 1341 534 1396 (1)
563 1340 756 1382 trahebat
778 1339 831 1381 ad
857 1355 901 1381 se
919 1355 1042 1396 supra
1063 1348 1211 1396 pectus
1228 1339 1320 1396 ejus
1335 1374 1345 1388 ,
1369 1356 1461 1397 quae
1484 1342 1586 1382 dum
1603 1349 1689 1383 tan·

308 1421 407 1464 gere
427 1406 556 1448 valuit
578 1406 619 1447 in
647 1404 911 1462 amplexibus
932 1419 1060 1446 ruens
1075 1436 1086 1453 ,
1115 1405 1166 1446 de
1187 1419 1264 1446 suo
1289 1405 1444 1447 dilecto
1461 1421 1544 1447 non
1570 1414 1689 1463 pote-

309 1482 374 1514 rat
400 1472 553 1514 satiari.
588 1472 673 1513 Sed
707 1486 806 1513 cum
850 1472 901 1512 de
944 1486 1072 1512 cruce
1110 1471 1151 1512 in
1187 1476 1297 1512 terra
1334 1472 1573 1528 depositum
1614 1471 1692 1514 fuit

309 1553 487 1596 corpus,
517 1553 641 1594 supra
664 1537 800 1594 ipsum
832 1552 919 1594 prce
946 1536 1102 1577 doloris
1135 1536 1442 1578 incontinentia
1467 1537 1523 1593 (2)
1546 1553 1688 1586 ruens,

310 1605 427 1660 quasi
463 1611 629 1646 mortua
665 1611 774 1644 stare
805 1602 956 1658 coepit3
990 1601 1164 1643 extincti
1196 1602 1289 1643 Filii
1320 1602 1470 1644 faciem
1503 1605 1691 1659 undique

309 1671 509 1727 lacrymis
532 1670 687 1726 rigans,
716 1667 974 1709 amarissima
997 1667 1173 1723 suspiria
1195 1667 1439 1715 exhalabat,
1464 1677 1505 1710 et
1528 1669 1691 1725 quoties

312 1745 439 1792 caput
474 1735 674 1793 tangebat
698 1733 888 1789 ejusdem
916 1732 1148 1775 dulcissimi
1175 1733 1258 1787 (5),
1293 1733 1434 1774 flendo
1452 1766 1460 1782 ‚
1497 1734 1692 1775 manibus

312 1801 580 1860 percutiebat
599 1815 641 1842 se
663 1799 807 1841 dicens
829 1812 837 1833 =
856 1817 871 1837 «
889 1798 925 1841 O
949 1797 1194 1840 charissime
1208 1798 1286 1840 Fili
1309 1798 1382 1847 mi,
1404 1800 1504 1856 quid
1529 1800 1693 1842 fecisti?

314 1869 457 1920 Quare
476 1876 516 1909 te
543 1865 679 1909 Judaei
702 1865 1006 1913 crudelissimi,
1035 1864 1174 1906 crucis
1200 1864 1389 1921 patibulo
1411 1866 1693 1908 occiderunt?

315 1934 363 1976 In
386 1933 547 1991 gremio
573 1941 612 1974 te
634 1940 853 1973 mortuum
879 1939 1017 1972 teneo.
1041 1930 1078 1972 O
1102 1945 1227 1986 quam
1251 1945 1342 1971 sum
1364 1931 1599 1973 tristissima
1623 1941 1694 1974 tua

318 2000 471 2043 Mater!
502 1998 616 2050 Quid
639 1999 746 2040 ultra
775 1996 850 2038 ista
879 1996 1031 2038 misera
1060 1995 1211 2038 faciet?
1242 1995 1312 2037 Vae
1339 1996 1467 2038 mihi!
1496 1997 1574 2038 Fili
1606 1997 1691 2045 mi,

319 2065 392 2107 ubi
412 2074 474 2107 est
493 2073 657 2106 tantum
687 2063 909 2120 gaudium,
935 2069 1140 2118 quantum
1164 2061 1204 2102 in
1226 2069 1298 2102 tua
1327 2061 1511 2103 humana
1543 2062 1696 2104 nativi-

319 2140 405 2174 tate
430 2141 513 2173 tam
537 2129 685 2172 dulci?
718 2128 787 2171 Vae
816 2127 945 2169 mihi!
969 2127 1046 2169 Fili
1079 2127 1162 2175 mi,
1187 2141 1312 2183 quam
1349 2129 1501 2169 durum
1530 2142 1697 2170 versum

320 2207 384 2240 est
406 2197 510 2239 illud
532 2196 731 2254 gaudium
750 2194 793 2236 in
816 2208 1040 2235 moerorem
1060 2194 1068 2233 ἓ
1089 2193 1167 2234 Fili
1186 2193 1259 2241 mi,
1280 2193 1337 2234 nil
1355 2193 1534 2250 amplius
1551 2203 1694 2242 restat,

320 2264 396 2306 nisi
421 2275 468 2306 ut
491 2262 739 2304 interficiam
766 2261 967 2318 meipsam
993 2261 1064 2316 (Δ).
1089 2259 1291 2301 »Interim
1306 2275 1472 2316 quoque
1495 2259 1695 2309 frontem,

321 2331 491 2377 oculos,
525 2343 649 2386 genas
674 2336 715 2369 et
735 2341 780 2369 os
802 2325 1046 2383 frequenter
1076 2324 1265 2381 ejusdem
1307 2326 1591 2367 osculabatur.
1626 2326 1701 2369 La-

324 2409 565 2452 crymarum
586 2401 742 2435 tantam
764 2392 1002 2434 ubertatem
1025 2390 1185 2433 fluebat
1209 2392 1290 2447 (5),
1314 2399 1359 2432 ut
1387 2405 1560 2432 carnem
1601 2407 1698 2433 cum

325 2461 473 2519 spiritu
496 2460 582 2502 sere
607 2461 649 2501 in
672 2461 886 2517 lacrymas,
910 2458 1060 2500 resolvi
1077 2466 1258 2516 putares.
1281 2457 1498 2514 Lacrymis
1515 2458 1700 2514 undique

326 2543 451 2570 crura
483 2527 577 2569 Filii
607 2527 790 2584 rigabat,
828 2540 1081 2583 corpusque,
1115 2526 1229 2582 quod
1260 2525 1504 2581 ponendum
1525 2523 1583 2580 (6)
1610 2531 1700 2565 erat

374 2622 425 2670 (1)
444 2622 525 2655 cod.
537 2621 778 2664 pendentz'a.—
792 2620 839 2664 (2)
855 2621 891 2651 Id
905 2627 952 2653 est
970 2631 1036 2663 prae
1052 2620 1162 2652 dolore
1178 2619 1234 2662 qui
1249 2631 1280 2650 se
1299 2630 1363 2651 non
1380 2624 1505 2662 poterat
1521 2618 1698 2653 continere.

333 2701 374 2707 -—
393 2680 441 2725 (3)
459 2679 540 2712 Cod.
555 2678 803 2712 dulcissime,--
819 2681 867 2715 (4)
884 2680 960 2709 Haec
973 2677 1071 2719 impie
1088 2676 1188 2719 posita
1205 2681 1277 2707 sunt
1295 2675 1327 2708 in
1350 2687 1384 2707 os
1401 2675 1514 2707 Matris
1532 2675 1590 2706 Dei
1607 2686 1701 2707 sanc-

334 2737 471 2770 tissimae.
488 2754 533 2760 —
550 2733 601 2780 (5)
616 2734 652 2765 Id
667 2740 713 2766 est
723 2735 832 2779 fluere
845 2733 1004 2776 faciebat,
1027 2732 1271 2776 proficndebac.
1289 2749 1329 2757 —·
1350 2731 1403 2774 (6)
1419 2730 1498 2764 Cod,
1520 2731 1600 2762 male
1613 2731 1702 2773 posi-

333 2804 457 2831 turum;
473 2793 555 2826 sorte
573 2791 740 2835 legendum
756 2790 893 2832 posituri
905 2799 1010 2824 eram.
