1868 3301
386 307 476 370 Qu
653 321 686 354 s.
732 322 971 357 Aceusrmi
1014 326 1216 357 EPtSCOPt
1257 325 1495 356 APPEme.

387 397 538 446 apertae
566 397 663 430 sunt
693 389 829 444 januae
858 392 966 433 coeli.
1005 394 1053 433 tt
1086 393 1210 449 igitur
1237 391 1297 447 (ι)
1331 400 1372 432 et
1404 391 1477 432 tibi
1501 391 1759 447 aperiantur,

385 455 568 497 delectet
588 463 627 496 te
648 463 804 504 tacere,
824 458 1005 499 delectet
1030 468 1068 500 te
1091 459 1225 500 silere.
1245 456 1345 512 Legi
1369 456 1480 498 enim
1506 459 1558 498 de
1579 458 1760 513 quodam

387 534 507 562 servo
530 519 623 568 Dei,
644 523 773 577 quod,
793 531 838 563 ut
857 523 1188 566 taciturnitatem
1209 523 1405 570 disceret,
1430 537 1504 578 per
1526 523 1666 579 plures
1689 538 1763 565 an-

385 600 460 627 nos
494 585 535 626 in
569 600 646 628 suo
682 602 755 628 ore
789 588 972 644 portavit
1002 589 1198 646 lapidem.
1235 588 1457 630 Admoneo
1490 587 1615 644 igitur
1638 598 1762 645 atque

383 649 547 698 hortor,
570 658 615 691 ut
637 651 823 708 linguam
848 661 961 694 tuam
990 654 1224 700 custodias,
1254 657 1296 694 et
1318 653 1420 694 nulli
1454 652 1672 701 detrahas,
1700 662 1761 695 at-

381 729 464 771 que
487 715 645 756 nemini
667 717 917 766 maledicas,
943 719 1057 760 nulla
1081 719 1206 760 verba
1235 718 1365 759 risum
1394 718 1603 758 moventia
1623 718 1762 774 prose-

383 794 463 822 ras.
493 779 638 837 Cogita
675 797 800 838 quam
833 784 970 826 brevis
1003 785 1055 826 sit
1088 785 1163 826 ista
1196 784 1301 831 vita,
1336 792 1377 824 et
1403 797 1528 839 qnam
1553 783 1702 824 misera
1721 783 1761 825 in

383 846 697 902 comparatione
737 848 830 890 vitae
866 858 1046 892 aeternae.
1091 850 1191 891 Haec
1224 847 1471 906 cogitando,
1505 855 1547 889 et
1577 849 1762 904 linguam

385 919 498 953 tuam
513 912 778 963 refrenantis),
798 922 839 955 et
853 915 1056 958 imitando
1068 916 1230 958 scilicet
1244 930 1390 956 eorum
1408 921 1566 961 actum,
1582 929 1763 970 quorum

386 978 579 1033 superius
607 979 766 1020 mentio
791 979 897 1022 sacta
921 990 984 1022 est
1004 1013 1015 1030 ,
1055 982 1143 1023 sine
1175 980 1303 1022 dubio
1334 979 1383 1021 ad
1417 993 1564 1020 eorum
1592 993 1764 1020 consor-

383 1042 516 1090 tium,
539 1051 581 1084 et
602 1043 653 1084 ad
672 1059 819 1086 eorum
840 1047 1014 1103 gloriam
1036 1046 1349 1104 perveniemus.
1372 1044 1602 1095 Quomodo
1621 1053 1762 1087 autem

383 1108 425 1149 in
448 1108 587 1149 animo
607 1117 680 1150 tuo
703 1112 880 1153 multam
906 1114 968 1169 (2)
997 1113 1330 1155 taciturnitatem
1350 1110 1506 1152 habere
1523 1110 1700 1158 debeas,
1723 1119 1764 1151 et

380 1173 478 1230 quia
516 1175 645 1216 multa
678 1176 787 1218 bona
819 1193 947 1235 opera
981 1188 1156 1237 propter
1190 1179 1338 1220 vitium
1369 1176 1521 1233 liuguae
1551 1180 1760 1233 pereunt,

380 1239 476 1280 ideo
499 1239 636 1281 adhuc
666 1256 792 1284 unam
815 1245 1069 1286 sententiam
1094 1246 1145 1287 de
1168 1242 1454 1286 taciturnitate
1489 1242 1757 1299 subjungam.

377 1304 505 1347 Venit
528 1305 569 1346 in
593 1305 743 1350 itinere
769 1312 1100 1353 conversationis
1137 1326 1219 1353 suae
1247 1310 1375 1352 abbas
1398 1308 1600 1365 Evagrius
1624 1309 1681 1364 (5)
1711 1309 1762 1351 ad

381 1372 608 1427 quemdam
641 1387 807 1424 sonem,
842 1385 884 1418 et
917 1377 1020 1419 dixit
1045 1378 1082 1419 ei
1101 1393 1108 1419 :
1127 1396 1141 1415 a
1166 1376 1242 1418 Dic
1264 1375 1367 1417 mihi
1391 1388 1650 1422 sermonem,
1677 1389 1761 1430 quo

386 1436 526 1478 salvus
544 1436 687 1479 fiam.»
704 1439 776 1481 llle
794 1452 933 1483 autem
953 1442 1057 1484 dixit
1077 1442 1137 1484 ei:
1155 1441 1296 1484 «Sivis
1315 1441 1450 1482 salvus
1471 1438 1576 1485 fieri,
1592 1440 1762 1495 quando

384 1503 436 1543 ad
464 1503 646 1558 aliquem
669 1506 806 1553 vadis,
832 1522 916 1548 non
944 1509 1060 1564 prius
1083 1508 1294 1564 loqueris,
1319 1520 1444 1563 quam
1474 1506 1541 1547 ille
1566 1513 1604 1546 te
1628 1504 1763 1561 inqui—

384 1576 460 1609 rat.
491 1587 506 1606 ι)
528 1568 729 1625 Evagrius
749 1570 790 1611 in
814 1571 896 1614 hoc
919 1587 1115 1614 sermone
1138 1581 1444 1628 compunctus,
1472 1570 1762 1627 peonitentiam

384 1632 468 1689 egit
487 1632 525 1673 in
544 1643 775 1689 conspectu
794 1637 973 1682 senis,et
991 1637 1191 1679 satisfecit
1208 1637 1245 1677 ei
1269 1637 1437 1677 dicens:
1456 1655 1470 1672 a
1492 1635 1627 1677 Crede
1641 1634 1759 1684 mihi,

384 1699 540 1739 multos
564 1699 732 1740 codices
751 1701 828 1757 legi
843 1734 851 1748 ‚
870 1709 911 1743 et
929 1704 1055 1744 talem
1075 1701 1356 1744 eruditionem
1371 1715 1587 1756 nunquam
1605 1701 1760 1749 inveni,

381 1771 424 1804 et
449 1763 630 1804 multum
661 1764 890 1820 proficiens
912 1767 1033 1808 exivi.
1058 1786 1072 1806 ι)
1102 1768 1138 1809 Ο
1170 1766 1406 1808 beatissima
1438 1766 1586 1813 Mater,
1625 1781 1675 1807 ex
1699 1765 1762 1808 his

384 1827 523 1869 verbis
557 1828 697 1870 lucide
731 1830 1046 1874 demonstratur
1074 1834 1187 1889 quod
1224 1832 1512 1888 multipliciter
1551 1831 1614 1885 (4)
1643 1832 1761 1873 beata

381 1902 445 1935 est
463 1893 530 1933 illa
557 1893 716 1942 anima,
742 1911 833 1951 quae
860 1898 1155 1939 taciturnitatis
1181 1898 1367 1954 perfecte
1391 1897 1520 1939 habet
1542 1899 1753 1939 virtutem.

381 1957 516 2014 Dilige
541 1957 649 2000 hanc
678 1960 876 2003 virtutem
895 1996 904 2011 ‚
927 1964 1092 2020 posside
1116 1963 1195 2004 hoc
1220 1964 1404 2011 bonum,
1430 1977 1632 2004 conserva
1653 1962 1760 2004 hanc

382 2025 666 2080 margaritam.
697 2026 940 2069 Amandum
972 2038 1035 2070 est
1067 2044 1166 2086 ergo
1190 2029 1403 2070 silentium
1422 2061 1430 2075 ‚
1465 2028 1559 2085 quia
1585 2043 1659 2085 per
1679 2027 1760 2069 hoc

382 2088 599 2131 humilitas
637 2092 849 2141 nutritur,
892 2095 1091 2151 lacrymae
1132 2103 1406 2152 generantur,
1442 2096 1496 2136 ad
1525 2103 1762 2137 extremum

381 2155 513 2196 multa
537 2153 645 2196 mala
667 2171 742 2213 per
764 2157 896 2215 ipsam
921 2159 1201 2202 declinantur.

430 2264 480 2308 (1)
502 2266 581 2299 Cod.
600 2266 680 2298 male
694 2266 747 2299 hic
766 2274 839 2301 ante
860 2275 984 2313 tempus
1004 2270 1093 2312 ponit
1109 2278 1140 2301 et
1152 2278 1182 2300 te
1202 2268 1352 2303 delectet.
1366 2268 1537 2312 —(2)1d.
1559 2272 1701 2306 multum.
1713 2289 1757 2299 -τ

383 2321 432 2361 (3)
451 2320 499 2355 Id·
522 2323 685 2353 Evaurius.
704 2341 750 2348 —
768 2323 819 2369 (4)
842 2326 894 2358 Sic
922 2327 991 2358 eod.
1014 2326 1048 2358 in
1070 2327 1229 2369 margine3
1247 2326 1281 2359 in
1302 2331 1390 2358 textu
1414 2327 1518 2358 minus
1542 2327 1623 2360 bene
1650 2329 1751 2371 tripli-

381 2385 474 2410 czter.
