1885 3284
68 218 212 249 salmo
249 217 391 260 van,
433 216 479 246 IN
518 215 591 245 DIE
630 215 750 245 rAsc.
792 215 865 253 111,
906 213 960 246 DE
998 212 1152 246 masna.
1193 213 1303 245 nom.
1350 200 1442 247 253

129 285 198 328 VI.
216 284 324 326 Ecce
337 283 468 330 enim,
490 281 664 330 fratres,
686 282 769 323 duo
783 289 1042 338 peccatores,
1068 295 1248 337 quorum
1271 282 1448 338 quilibet

71 350 246 408 gratiam
275 363 466 405 magnam
503 347 662 403 recepit
684 363 692 388 :
720 362 815 388 nam
838 346 963 388 Maria
985 345 1097 387 videt
1123 355 1163 388 et
1188 347 1409 390 denuntiat
1431 380 1441 395 ,

72 416 146 457 sed
168 424 209 456 et
230 415 376 456 Petrus
400 429 443 455 se
466 412 674 454 nominari
697 414 886 454 aestimat.
905 411 978 453 Eia
995 427 1115 469 erg0,
1142 426 1166 454 o
1185 422 1445 469 peccatores,

73 480 175 537 quid
199 479 317 536 agitis
334 477 352 520 Ρ
368 478 469 535 quid
499 477 675 534 amplius
699 477 923 520 dormitis?
946 491 1022 518 cur
1042 477 1309 534 pigrescitis‘z‘
1342 478 1451 520 Ecce

75 545 189 587 enim
212 545 402 587 Salvator
426 558 502 600 pro
525 543 645 585 vobis
675 543 737 597 (ιδ
759 553 952 585 mortuus
984 551 1059 585 est.
1102 542 1314 586 Hauriatis
1354 558 1454 600 ergo

77 625 194 667 spem
211 642 221 658 ,
260 609 462 651 hauriatis
500 623 628 667 aquas
647 626 658 658 ;
701 609 801 651 flete
823 624 963 652 amare
991 623 1089 651 cum
1126 608 1249 651 Petro
1266 641 1280 657 ,
1324 609 1455 666 rigate

78 668 237 718 Christi
261 677 322 733 (2)
352 676 480 732 pedes
504 690 602 717 cum
619 675 760 717 Maria.
789 676 1010 717 Faciamus
1032 675 1146 731 quod
1172 674 1297 716 Maria
1320 674 1421 717 fecit
1442 689 1450 716 :

77 742 180 784 emit
206 741 324 787 enim
361 749 571 789 aromata,
605 746 649 783 et
681 741 794 783 venit
823 755 978 798 ungere
1011 739 1201 782 Jesum'.
1239 739 1457 797 Numquid

79 807 224 855 venit,
248 815 295 848 ut
313 805 615 848 resuscitaret?
633 806 800 848 Scimus
816 807 945 854 enim,
970 806 1082 862 quod
1095 805 1345 847 resuscitare
1366 820 1458 847 nos-

81 882 193 915 trum
216 888 300 915 non
319 881 406 922 est,
430 874 504 915 sed
529 873 638 914 bene
658 888 814 929 ungere
832 882 1021 915 nostrum
1035 882 1110 914 est.
1132 872 1331 913 Emamus
1347 872 1459 913 enim

83 946 274 980 aromata
296 953 394 979 cum
417 937 553 980 tribus
586 938 861 987 mulieribus;
896 947 982 980 tres
1004 938 1116 980 enim
1143 938 1342 979 mulieres
1365 946 1465 979 sunt

85 1018 229 1052 mens,
260 1018 408 1045 manus
432 1011 475 1045 et
494 1004 648 1062 lingua.
682 1005 745 1046 De
773 1004 837 1047 his
861 1004 999 1049 enim‚
1025 1012 1070 1045 ut
1094 1003 1291 1051 arbitror,
1314 1004 1462 1046 Petrus

85 1085 106 1112 a
122 1069 305 1112 Domino
328 1071 574 1112 mandatum
599 1070 783 1127 recepit:
801 1087 816 1108 α
838 1070 980 1121 Pasce,
995 1069 1148 1126 inquit,
1165 1078 1323 1118 mente,
1338 1084 1463 1126 pasce

86 1149 176 1184 ore,
192 1149 317 1192 pasce
335 1149 464 1177 manu
481 1135 558 1191 (5),
581 1136 624 1178 id
643 1144 722 1185 est,
748 1151 888 1193 opere.
915 1154 931 1174 ¹>
945 1135 1073 1177 Pasce
1093 1143 1136 1176 tu
1158 1149 1258 1192 ergo
1277 1136 1464 1177 animum

87 1207 209 1241 tuum
225 1208 267 1241 et
293 1200 499 1257 proximi,
530 1201 743 1249 oratione,
779 1215 904 1259 pasce
927 1201 1056 1243 verbo
1077 1208 1120 1242 et
1142 1200 1433 1242 exhortatione
1454 1233 1466 1251 ‚

88 1277 211 1322 pasce
236 1265 429 1322 exemplo
453 1274 496 1307 et
517 1265 790 1308 exhibitione.
836 1266 1011 1317 Quaerat
1045 1280 1146 1322 ergo
1182 1280 1301 1308 mens
1331 1274 1467 1308 vestra

91 1337 276 1371 aromata
302 1330 603 1387 compassionis
617 1363 629 1380 ‚
650 1339 1012 1388 quaerat-aromata
1036 1330 1302 1373 rectitudinis
1323 1340 1365 1374 et
1385 1331 1470 1388 jus-

91 1393 215 1444 zitise,
239 1403 400 1452 quaerat
422 1395 548 1438 etiam
572 1405 758 1439 aromata
782 1395 1047 1439 discretionis
1069 1405 1111 1439 et
1131 1397 1466 1454 perseverantiae.

93 1458 163 1502 Sic
181 1459 296 1502 enim
318 1460 418 1502 fecit
441 1461 597 1510 Maria3
622 1461 681 1504 sic
705 1466 746 1504 et
772 1461 1075 1519 perseveravit,
1100 1470 1143 1504 et
1163 1463 1472 1520 perseverando

95 1524 199 1569 vidit
220 1535 262 1568 et
280 1526 461 1576 invenit,
490 1528 605 1585 quod
628 1528 686 1584 (A.)
710 1528 978 1586 concupivit;
1011 1543 1138 1584 quem
1171 1528 1298 1570 etiam
1333 1528 1475 1570 videro

97 1605 172 1632 nos
195 1590 306 1648 ipsos
326 1591 412 1648 ipse
431 1591 543 1634 idem
562 1592 686 1634 faciat
710 1593 781 1649 qui
808 1608 906 1635 cum
929 1593 1052 1635 Patre
1073 1602 1115 1635 et
1146 1593 1306 1651 Spiritu
1328 1603 1474 1637 sancto

98 1656 196 1699 vivit
217 1667 260 1699 et
280 1661 428 1714 regnat
449 1657 492 1699 in
510 1659 659 1700 saecula
680 1661 947 1701 saeculorum.
972 1658 1122 1701 Amen.

150 1769 161 1793 ¹
177 1772 282 1804 Marc.
301 1779 368 1808 xvi,
393 1780 419 1802 1.

150 1847 202 1894 (ε)
222 1849 304 1882 Cod.
321 1849 422 1882 nobis.
437 1868 479 1874 —
497 1849 547 1894 (2)
566 1850 617 1884 Id.
633 1852 704 1883 sibi.
716 1870 758 1876 —
783 1849 833 1895 (3)
852 1851 948 1883 Unde
966 1850 1034 1883 haec
1051 1857 1165 1884 auctor
1180 1858 1342 1884 mutuatus
1359 1851 1457 1885 fuerit
1471 1879 1480 1896 ,

102 1915 231 1950 prorsus
244 1904 370 1943 nescio,
388 1905 450 1938 nisi
464 1906 550 1949 quod
574 1906 618 1939 sic
636 1907 795 1951 triplicem
814 1907 932 1940 Christi
956 1918 1066 1940 vocem
1094 1908 1170 1940 velit
1200 1908 1418 1954 interpretari.
1435 1926 1480 1934 --

106 1957 158 2007 (4)
175 1963 270 1994 Forte
288 1971 386 2003 quem
397 1986 408 2004 ‚
425 1967 462 1994 ut
478 1967 565 1994 recte
583 1961 666 1998 dicta
686 1962 896 1996 concordent.
