1885 3284
376 245 468 290 320
641 262 674 290 S.
720 260 962 291 AUGUSTINI
1001 263 1209 294 EPISCOPl
1248 263 1488 294 APPENDIX.

378 341 421 367 se
443 335 484 367 ct
506 326 761 368 obdormivit
782 328 860 368 sul»
886 328 1033 370 umbra
1056 329 1171 384 ejus,
1195 338 1234 371 et
1254 345 1354 371 cece
1377 330 1564 387 Angelus
1587 332 1756 375 Domini

379 392 619 448 tetigiteuni
640 392 783 432 dicens
805 408 845 433 z«
861 393 994 449 Surge
1009 404 1049 435 et
1065 396 1313 436 comedelsst
1330 397 1555 452 respiciens
1570 400 1619 438 ad
1631 407 1757 454 caput

376 473 527 499 »suum
561 457 661 497 vidit
688 458 1017 499 subcinericium
1044 469 1276 515 panein,ct
1306 476 1373 501 vas
1398 477 1530 517 aquae.
1559 462 1756 505 Comedit

374 537 502 578 »ergo
519 555 527 571 ,
552 533 591 563 et
614 522 742 569 bibit,
768 532 807 563 et
835 525 1064 565 ambulavit
1088 525 1126 565 in
1152 526 1399 566 fortitudine
1424 528 1506 567 cibi
1529 527 1636 567 illius
1661 543 1757 584 qua-

374 607 390 628 »
405 587 593 643 draginta
609 587 756 628 diebus
770 597 812 628 et
827 589 1103 645 quadraginta
1123 590 1318 631 noctibus
1336 622 1346 637 ‚
1373 591 1485 631 etsie
1502 593 1690 646 pervenit
1705 595 1754 633 ad

375 672 390 693 n
406 661 591 694 montem
607 652 681 693 Dei
706 652 885 693 Horeb'.
917 672 929 689 n
948 652 1027 693 Per
1047 654 1196 700 Eliam‚
1222 655 1292 710 qui
1322 656 1624 711 interpretatur
1640 656 1755 698 fortis

373 717 602 769 Dominus,
632 717 806 773 intelligi
841 725 982 773 potest
1012 718 1187 770 Paulus,
1223 720 1296 775 qui
1321 721 1660 776 persecutionem
1681 738 1754 779 pa-

378 785 560 826 tiebatur
582 784 762 825 videndo
787 782 990 839 Martyres
1012 785 1110 826 duci
1136 787 1183 826 ad
1204 785 1431 827 victimam.
1459 787 1614 828 Beatus
1634 803 1676 828 es
1692 821 1702 835 ‚
1729 802 1752 828 o

372 851 525 898 Paule,
547 859 589 891 et
611 869 623 886 α
649 848 766 891 Beati
788 849 858 903 qui
882 851 1225 905 persecutionem
1246 851 1464 907 patiuntur
1483 861 1656 909 propter
1672 852 1753 908 jus-

373 937 388 955 »
403 918 564 966 titiam,
605 918 803 971 quoniam
847 913 1034 969 ipsorum
1066 925 1108 958 et
1143 931 1319 973 regnum
1359 918 1608 959 coelorum2.
1631 938 1645 955 »
1669 918 1752 970 Qui

372 983 524 1026 Paulus
544 990 736 1023 metuens
757 979 946 1028 Jezabel‚
971 980 1013 1022 id
1035 991 1114 1030 est,
1140 983 1408 1039 tyrannidem
1428 983 1547 1024 Decii
1570 984 1752 1040 impera-

372 1049 474 1091 toris
492 1081 502 1096 ‚
528 1049 678 1089 timens
696 1061 780 1087 suae
799 1047 938 1087 carnis
964 1045 1231 1104 fragilitatem
1245 1080 1256 1097 ‚
1279 1048 1432 1089 timens
1452 1063 1504 1089 ne
1526 1064 1544 1089 a
1572 1050 1661 1091 Deo
1681 1064 1752 1090 re-

372 1116 560 1161 cederet,
586 1113 688 1155 abiit
715 1115 774 1167 (1)
785 1142 870 1154 .....
880 1144 890 1159 ,
916 1112 1017 1154 abiit
1037 1114 1078 1154 in
1094 1114 1356 1156 balnearium
1370 1115 1629 1163 animarum,
1651 1115 1753 1156 abiit

374 1182 425 1224 ad
448 1179 709 1222 consortium
731 1179 992 1235 Angelorum
1010 1211 1019 1226 ‚
1042 1182 1093 1222 ad
1111 1180 1217 1222 viam
1240 1189 1407 1221 aeternae
1431 1180 1548 1228 vitae3
1575 1180 1677 1222 abiit
1700 1181 1751 1222 ad

370 1262 586 1294 eremum,
620 1246 670 1287 ad
695 1260 839 1286 verum
870 1246 1110 1302 paradisum
1145 1247 1416 1294 deliciarum;
1448 1246 1549 1288 abiit
1577 1247 1628 1288 ad
1649 1246 1751 1287 hor—

371 1322 459 1355 tum
489 1311 804 1358 suavissimum,
843 1314 1012 1366 plenum
1050 1312 1240 1352 omnium
1276 1326 1530 1369 pomorum;
1565 1311 1668 1353 abiit
1701 1312 1752 1353 ad

371 1392 517 1436 agrum
542 1376 845 1418 venerabilium
870 1378 1039 1416 l’atrum
1067 1387 1337 1422 sanctorum3
1370 1378 1470 1418 abiit
1503 1393 1586 1418 non
1615 1378 1666 1418 ad
1691 1377 1751 1418 in·

367 1442 657 1502 quietudinem
681 1440 821 1481 szcculi
837 1472 846 1490 ,
863 1440 935 1480 sed
954 1441 1005 1481 ad
1030 1441 1180 1482 mentis
1200 1450 1241 1482 et
1258 1443 1446 1498 corporis
1467 1441 1748 1498 tranquillita-

365 1519 464 1552 tem.
487 1508 602 1550 Abiit
624 1521 792 1562 quoque
810 1505 1098 1547 sanctissimus
1116 1507 1268 1547 Paulus
1291 1509 1392 1547 dum
1409 1516 1518 1548 esset
1541 1522 1747 1548 annorum

364 1575 608 1632 quindecim
621 1585 890 1629 qilocm;.(111e
904 1571 1105 1612 tuliteum
1120 1587 1140 1612 a
1159 1572 1343 1613 Domino
1358 1574 1554 1614 voluntas
1571 1573 1648 1613 sibi
1665 1575 1749 1614 col-

365 1645 447 1686 lata
465 1675 473 1690 ,
504 1641 702 1695 venitque
725 1640 765 1679 in
788 1639 998 1680 Bersabee
1013 1638 1139 1685 Juda,
1168 1640 1207 1680 id
1234 1648 1312 1688 est,
1339 1640 1378 1680 in
1412 1648 1570 1680 vastam
1595 1639 1745 1680 solitu-

366 1709 524 1755 dinem,
542 1708 755 1748 dimittens
769 1704 824 1745 ibi
844 1719 1037 1760 puerum,
1059 1706 1099 1746 id
1113 1713 1188 1753 est,
1210 1705 1413 1762 puerilem
1428 1721 1615 1755 sensum,
1637 1706 1739 1761 pris·

365 1775 551 1816 tinorum
582 1782 752 1813 actuum
777 1770 1050 1812 debilitatem.
1076 1771 1127 1812 Et
1146 1772 1325 1812 dimissis
1345 1771 1541 1813 omnibus
1561 1786 1580 1811 a
1603 1770 1744 1812 saeculi

367 1840 554 1882 tumultu
577 1837 776 1894 quiescit,
793 1844 832 1877 et
856 1836 1014 1877 dormit
1032 1845 1206 1878 cantans
1230 1852 1328 1878 cum
1351 1837 1590 1893 Propheta:
1615 1836 1743 1877 «Haec

363 1915 456 1948 nest
489 1905 653 1961 requies
690 1917 781 1943 mea
814 1902 853 1942 in
888 1904 1088 1943 saeculum
1117 1902 1296 1944 saeculi³.
1322 1922 1337 1941 »
1367 1905 1503 1953 Quam
1530 1902 1742 1957 requiem.

367 1987 490 2028 quam
516 1985 688 2027 pacem,
709 1982 833 2024 quam
853 1968 1368 2023 tranquillitatemhabere
1383 1982 1463 2008 non
1482 1975 1655 2023 possunt
1673 1967 1743 2022 qui

367 2037 408 2080 in
433 2035 702 2077 „saecularibus
727 2033 977 2074 tumultibus
1002 2034 1288 2089 implicantur.
1309 2033 1479 2074 Paxista
1495 2032 1744 2073 habettran-

363 2101 653 2159 quillissimam
681 2100 827 2146 vitam,
855 2113 946 2154 quae
967 2106 1106 2139 mente
1128 2114 1198 2139 sua
1222 2113 1301 2138 non
1327 2097 1483 2154 litigat,
1510 2098 1583 2138 sed
1605 2096 1645 2137 in
1670 2097 1745 2138 Dei

362 2183 505 2211 amore
525 2180 817 2225 perseverans,
839 2179 999 2205 amoena
1023 2163 1326 2219 tranquillitate
1345 2163 1595 2220 perfruitum
1617 2177 1743 2218 quam

360 2251 413 2278 ne
442 2235 716 2290 temporalem
751 2239 918 2289 putares
950 2231 1064 2272 addit
1095 2229 1305 2287 Propheta
1328 2245 1336 2270 z
1356 2248 1368 2267 a
1396 2230 1440 2270 ln
1462 2229 1525 2284 (2)
1561 2229 1741 2285 idipsum

362 2300 598 2343 »dormiam
626 2308 667 2340 et
691 2296 992 2353 requiescam&
1024 2296 1235 2352 Idipsum,
1257 2314 1268 2331 n
1299 2294 1455 2336 dieitur
1484 2295 1599 2349 quod
1624 2294 1738 2335 nulla

359 2381 502 2409 rerum
526 2364 811 2406 vicissitudine
834 2370 1138 2411 counnutatur,
1169 2362 1241 2402 sed
1277 2360 1458 2416 idipsum
1491 2374 1741 2416 permanens

359 2430 690 2490 impermutabili
726 2428 990 2486 perennitate
1023 2427 1238 2474 consistit3
1262 2444 1275 2464 ‹
1296 2426 1536 2472 Dormiam,
1562 2444 1578 2461 υ
1608 2423 1739 2465 finem

408 2521 418 2541 ¹
437 2521 454 2550 3
473 2521 554 2560 Rvg.
575 2528 643 2558 xix,
673 2517 743 2545 5-3.
768 2531 814 2538 --
830 2513 845 2534 ²
863 2513 979 2545 Matth.
1004 2525 1072 2550 vin,
1099 2525 1150 2544 ιο.
1178 2531 1218 2536 -
1244 2509 1259 2534 3
1282 2513 1359 2544 Psal.
1379 2523 1475 2543 cxxxx
1490 2535 1497 2548 ‚
1521 2518 1573 2547 14.
1591 2529 1634 2534 -
1653 2507 1668 2532 ⁴
1687 2511 1737 2543 1d.

357 2587 405 2615 lv,
433 2588 464 2617 9.

408 2642 454 2686 (ι)
471 2643 533 2673 Hic
550 2640 662 2672 desunt
677 2637 821 2682 qnaedam
836 2642 992 2669 vetustate
1012 2646 1153 2668 corrosa.
1170 2654 1214 2661 —-
1230 2634 1281 2677 (a)
1294 2637 1388 2666 Deest
1408 2635 1442 2664 in
1462 2631 1545 2676 apud
1562 2631 1630 2664 (οά.
