1885 3284
408 294 491 348 ¹42
805 309 839 339 s.
885 306 1130 339 Aueusrrm
1161 306 1367 339 EPISCOPI

400 371 625 418 ambulare
645 371 716 433 (1)
744 409 755 428 ‚
793 384 923 438 atque
946 371 1114 419 idcirco
1136 371 1192 418 ad
1210 373 1405 436 primum
1434 371 1598 420 vibrati
1616 374 1768 432 cujus-

396 442 505 489 libet
527 442 664 502 jaculi
689 442 827 490 ictum
860 453 1098 498 corruunt,
1126 443 1231 507 quia
1261 444 1385 490 nullo
1422 454 1550 491 caute
1573 442 1766 490 circum-

394 514 628 577 spectionis
668 512 825 577 clypeo
866 514 1156 569 muniuntur3
1195 514 1438 577 meliusque
1477 514 1618 561 fuerat
1654 513 1772 559 intra

394 595 515 647 septa
534 583 691 629 domus
707 585 960 643 ignobiliter
984 585 1128 631 vivere
1146 621 1158 641 ,
1178 601 1312 648 quam
1338 584 1535 630 imbelles
1556 585 1669 630 inter
1688 582 1770 628 cel·

394 655 455 699 las
483 656 546 715 tsi)
567 656 655 699 sine
682 655 781 700 ullis
821 656 1073 701 meritorum
1099 655 1167 718 (3)
1205 655 1343 701 titulis
1383 655 1496 700 mori
1528 654 1614 717 (4).
1643 653 1771 699 Enim

394 742 497 772 vero
514 726 589 788 qui
616 726 658 770 in
681 726 922 772 monastico
946 727 1107 772 habitu
1130 726 1272 772 carnis
1291 725 1624 771 delectationem
1646 740 1772 787 quae·-

394 807 497 842 runt
517 834 526 848 ,
554 814 601 842 ex
621 796 744 842 arido
761 796 880 857 ligno
905 814 1086 843 succum
1104 797 1344 861 exprimere
1372 795 1575 857 gestiunt.
1600 795 1662 841 Ex
1684 810 1772 858 qua

393 868 598 913 nimirum
621 867 804 913 mollitie
830 885 877 914 ac
898 869 1146 915 remissione
1168 867 1344 916 vivendi
1364 867 1585 932 plerisque
1603 865 1773 912 contin-

394 938 482 998 git„
512 949 559 983 ut
582 955 683 983 cum
709 938 846 984 multa
873 939 1037 995 sciant,
1060 956 1102 985 se
1118 939 1332 997 nesciant,
1352 949 1393 985 et
1410 937 1520 1002 quid
1540 935 1773 984 districtio-

392 1009 458 1055 nis
474 1010 559 1073 ipsi
575 1010 670 1072 pati
693 1010 889 1073 possint,
918 1009 1081 1074 quidve
1115 1027 1205 1056 non
1229 1010 1425 1074 possint,
1461 1008 1647 1073 pleniter
1682 1022 1773 1052 non

392 1092 629 1140 agnoscant
651 1100 662 1134 3
699 1080 847 1143 sicque
872 1082 945 1137 sit,
991 1092 1039 1127 ut
1061 1080 1225 1144 quibus
1257 1080 1412 1127 datum
1436 1090 1499 1126 est
1521 1077 1773 1125 exteriorem

392 1150 592 1196 militiam
633 1151 699 1213 (5)
740 1168 1000 1211 cognoscere
1019 1189 1030 1207 ,
1060 1152 1209 1198 adhuc
1252 1151 1308 1197 ad
1340 1149 1693 1212 cognoscendum
1717 1164 1776 1194 se-

391 1222 598 1283 metipsos
631 1221 866 1267 videantur
902 1222 1248 1285 probationibus
1279 1221 1486 1282 indigere.
1540 1219 1775 1282 Plerosque

389 1291 502 1336 enim
535 1292 724 1337 vidimus
751 1292 1019 1352 jamdudum
1051 1294 1097 1338 in
1129 1309 1253 1338 sacro
1280 1292 1434 1338 ordine
1472 1290 1732 1337 constitutos
1753 1325 1766 1346 ,

391 1362 468 1425 qui
494 1362 680 1408 necdum
707 1373 881 1409 nossent
906 1363 1016 1427 quid
1043 1364 1088 1410 in
1103 1363 1285 1423 jejuniis
1309 1401 1319 1419 ‚
1359 1361 1468 1426 quid
1503 1361 1549 1407 in
1579 1359 1737 1420 vigiliis
1759 1397 1770 1415 ‚

392 1433 499 1495 quid
524 1433 568 1477 in
596 1433 774 1496 reliquis
795 1434 983 1480 coelestis
1005 1434 1254 1498 disciplinae
1285 1433 1442 1480 studiis
1470 1432 1581 1478 ferre
1600 1430 1774 1495 potuis-

393 1513 487 1548 sent
508 1523 518 1556 ς
547 1513 588 1548 et
612 1520 715 1549 cum
742 1504 971 1568 Scriptura
991 1505 1111 1550 dicat
1138 1522 1150 1550 ε
1176 1504 1303 1561 «Qui
1325 1504 1524 1564 ignorat,
1546 1500 1774 1562 ignorabi-

395 1596 414 1616 »
438 1574 558 1630 tufi,
583 1598 602 1616 »
623 1592 711 1638 quo
730 1586 862 1638 pacto
882 1614 892 1634 V,
913 1577 979 1622 vel
1004 1594 1026 1622 a
1050 1578 1140 1622 Deo
1162 1575 1369 1636 cognosci
1386 1612 1396 1631 ‚
1428 1575 1498 1623 vel
1518 1575 1661 1619 Deum
1678 1588 1773 1625 me-

392 1656 536 1691 reatur
562 1646 653 1708 ipse
675 1662 934 1706 cognoscere
951 1684 960 1699 ‚
982 1647 1059 1710 qui
1077 1647 1356 1710 semetipsum
1387 1645 1433 1691 in
1455 1648 1547 1705 ejus
1562 1642 1773 1706 obsequio

393 1716 673 1760 convincitur
691 1715 891 1774 ignorare
907 1717 922 1760 'a'
940 1717 1079 1761 Porro
1103 1726 1249 1762 autem
1271 1715 1470 1761 fervidus
1491 1713 1678 1760 bellator
1697 1711 1776 1775 qui

396 1786 559 1831 moenia
585 1786 814 1832 obsidione
849 1787 1124 1841 circumdat,
1166 1786 1523 1850 appropinquare
1546 1783 1775 1845 aggeribus

394 1857 568 1912 nititur,
595 1873 814 1920 occupare
837 1857 972 1904 vallos
992 1868 1206 1913 attentat,
1236 1869 1366 1921 atque
1385 1857 1497 1902 inter
1526 1856 1642 1918 ipsas
1677 1870 1772 1900 cre-

394 1928 688 1973 brescentium
732 1928 960 1974 missilium
993 1928 1250 1989 grandines,
1291 1943 1518 1991 quousque
1563 1924 1774 1986 violenter

392 2000 635 2062 irrumpere
661 2000 830 2063 possit,
862 2000 1070 2064 explorat.
1102 2000 1192 2057 Qui
1228 1999 1509 2062 semetipsum
1540 2013 1641 2057 ergo
1679 1995 1774 2042 vult

389 2073 577 2127 vincere‚
606 2072 650 2117 in
665 2089 912 2118 mensuram
938 2089 1113 2118 suarum
1141 2072 1315 2127 virium,
1338 2081 1468 2134 turpe
1490 2079 1555 2115 est
1573 2067 1772 2115 notitiam

395 2143 460 2188 sui
490 2160 577 2188 non
608 2144 786 2189 habere.
829 2144 945 2189 Hinc
967 2154 1030 2189 est
1054 2143 1171 2189 enim
1209 2141 1331 2206 quod
1373 2141 1590 2188 Dominus
1626 2138 1767 2185 dicit:

395 2236 415 2255 «
441 2214 702 2261 Contendite
728 2214 891 2260 intrare
910 2232 992 2278 per
1021 2224 1249 2275 angustam
1279 2223 1453 2277 portam
1467 2212 1501 2257 2.
1519 2232 1540 2254 »
1567 2209 1770 2256 Necdum

397 2296 537 2331 autem
559 2285 903 2348 experimentum
921 2285 986 2330 sui
1005 2285 1079 2331 ille
1095 2285 1174 2330 Dei
1193 2284 1315 2330 miles
1331 2292 1557 2347 acceperat
1571 2318 1582 2339 ,
1609 2280 1663 2327 de
1680 2296 1770 2344 quo

396 2357 626 2420 Scriptura
652 2356 761 2402 dicit
783 2374 794 2401 ι
813 2356 961 2414 «Quia
977 2356 1183 2420 imposita
1203 2355 1323 2417 galea
1346 2371 1457 2401 aerea
1479 2370 1612 2417 super
1631 2361 1768 2415 caput

442 2468 450 2487 ¹
481 2478 490 2494 r
513 2467 587 2499 Cor.
610 2477 672 2503 xiv5
695 2467 750 2497 33.
768 2483 814 2492 ι·-
831 2463 846 2486 2
864 2466 985 2499 Manli.
1005 2477 1058 2503 vu,
1080 2466 1133 2499 ¹3.

442 2537 492 2583 (ι)
520 2541 575 2569 Est
597 2539 730 2570 verbum
746 2539 798 2571 hic
818 2538 967 2570 deficiens
998 2538 1030 2570 in
1049 2537 1132 2578 cod„
1156 2537 1242 2581 quod
1267 2536 1502 2581 supplevimus,
1525 2534 1670 2579 apposita
1693 2544 1771 2565 voce

395 2595 576 2628 ambulare,
594 2612 636 2617 -—
658 2592 707 2640 k2)
727 2596 807 2628 Cod.
828 2595 924 2628 cella.
940 2612 985 2618 —
1005 2597 1053 2635 (3)
1070 2594 1118 2626 Id.
1132 2602 1401 2635 pe‹.·ccztorum.—
1420 2588 1472 2633 (4)
1485 2590 1532 2623 Id.
1550 2590 1770 2634 absquesensu

395 2656 424 2681 et
439 2649 604 2683 latinitatis
621 2651 734 2683 umbra
757 2651 839 2683 ηἰοο.
853 2668 895 2675 -
913 2648 964 2695 (5)
982 2650 1031 2684 Id.
1052 2651 1198 2682 exterior
1214 2649 1347 2684 milicia.
