1868 3301
200 294 331 326 nemi
366 289 421 322 nn
455 281 766 320 connssmmn
802 282 844 314 Β.
885 278 1036 313 mam
1075 279 1287 312 vmfflms.
1363 264 1456 320 463

700 623 877 669 LIBER

307 754 378 799 De
411 749 751 813 Compassione
785 749 835 792 B.
871 747 1032 792 Mariae
1064 743 1270 806 virginis.

167 905 315 951 Talem
333 907 489 950 titulum
508 904 811 965 prafigenclum
833 906 1026 948 duximus
1043 903 1135 945 huie
1160 900 1260 943 libro
1277 934 1288 951 ‚
1311 903 1382 958 qui
1397 915 1479 957 pro

109 971 221 1018 titulo
242 974 367 1017 habet
384 979 425 1017 in
444 971 536 1016 cod.
559 991 574 1016 .·
594 974 732 1018 Verba
750 974 883 1016 sancti
908 970 1130 1029 Augustini
1153 969 1339 1028 episcopi
1362 967 1483 1010 valde

110 1039 226 1088 utilia
249 1040 301 1087 ad
320 1043 664 1099 consequendam
686 1041 826 1085 cordis
850 1040 1165 1084 contritionem.
1196 1037 1281 1079 Secl
1298 1037 1349 1077 de
1372 1034 1484 1077 nullo

111 1115 267 1170 agitur,
289 1113 369 1152 nisi
387 1110 438 1151 de
460 1112 653 1165 mysterio
677 1117 834 1150 sanctae
858 1109 1040 1165 Virginis
1061 1107 1251 1147 morienti
1259 1102 1364 1144 Filio
1381 1117 1488 1144 com—

104 1181 320 1237 patientis.
350 1176 467 1219 Nihil
486 1180 527 1217 in
545 1176 620 1218 lzoe
641 1175 853 1234 opusculo,
878 1175 1043 1216 aliunde
1052 1178 1144 1231 pio,
1163 1174 1361 1221 occurrit,
1379 1168 1493 1228 quod

114 1246 224 1288 beati
244 1245 433 1286 Doctorz's
451 1253 624 1285 mentem
635 1253 675 1284 ec
686 1244 837 1299 stylum
853 1243 1051 1285 redoleat.
1068 1239 1185 1282 Unde
1199 1242 1252 1281 sit
1272 1242 1314 1279 in
1336 1252 1489 1296 appen-

115 1313 204 1354 dice
216 1320 314 1370 post
323 1311 640 1369 praecedentem.

665 1483 946 1529 SYNOPSIS.

176 1606 209 1651 Ῐ.
241 1608 391 1650 Auctor
406 1624 431 1649 a
444 1611 563 1650 beata
581 1609 749 1664 Virgine
764 1612 863 1664 petit
876 1610 1096 1663 quamdam
1115 1609 1302 1664 lacrymis
1320 1610 1406 1660 ejus
1417 1622 1504 1660 par-

120 1670 406 1722 ticipationem.
422 1669 474 1710 11.
490 1671 583 1712 Visa
601 1682 624 1710 a
644 1682 683 1710 se
701 1680 741 1711 et
759 1672 928 1711 tolerata
947 1680 1082 1710 narrat
1100 1671 1226 1725 Virgo
1239 1669 1498 1722 respondens.

126 1733 201 1773 III.
223 1732 365 1771 Mariae
384 1733 512 1772 verba
530 1733 583 1772 ad
601 1733 806 1772 Christum
831 1734 1088 1773 morientem.
1111 1733 1181 1774 IV.
1206 1732 1343 1773 Verba
1360 1731 1507 1771 Christi

128 1794 180 1833 ad
196 1794 370 1833 Mariam
384 1824 394 1843 ‚
415 1795 562 1844 quibus
580 1795 699 1834 datur
708 1794 800 1834 illiJ
805 1809 955 1835 oannes
972 1794 1148 1835 filius.V.
1171 1792 1309 1833 Mariae
1330 1802 1369 1833 et
1386 1793 1509 1832 Joau-

129 1857 190 1895 nis
209 1856 338 1905 dolor,
353 1868 446 1895 cum
468 1858 667 1908 expiraret
685 1856 962 1897 Christus.VI.
984 1855 1122 1896 Verba
1140 1856 1280 1896 Mariae
1300 1855 1350 1894 ad
1364 1855 1509 1895 Chris-

132 1926 220 1956 tum
239 1925 470 1966 mortuum,
494 1921 635 1970 visque
659 1917 847 1957 desiderii
865 1919 968 1969 ejus.
989 1917 1080 1957 VII.
1100 1917 1197 1968 Quae
1217 1918 1310 1957 fecit
1327 1917 1510 1968 dixitque

133 1978 284 2027 Maria,
306 1992 400 2018 cum
419 1978 600 2018 Christus
632 1993 655 2017 a
685 1993 800 2018 cruce
836 1979 1119 2030 deponeretur.
1140 1979 1259 2019 VIII.
1280 1978 1509 2029 Compassio

136 2040 350 2080 hominum
374 2050 414 2080 et
445 2041 694 2093 Angelorum
712 2055 805 2095 erga
837 2042 1006 2080 Mariam
1026 2040 1244 2081 dolentem.
1269 2040 1341 2081 IX.
1364 2039 1512 2078 Christi

136 2105 355 2156 sepultura.
369 2105 418 2143 X.
431 2105 655 2145 Reducitur
669 2104 799 2144 Maria
817 2104 1039 2145 Jerusalem
1054 2123 1063 2153 ;
1086 2105 1159 2146 ubi
1175 2105 1227 2144 ad
1244 2105 1333 2144 Filii
1347 2116 1509 2144 memo-

143 2167 244 2206 riam
263 2167 358 2206 ssere
378 2168 508 2220 pergit
518 2176 556 2206 et
576 2167 803 2208 lamentari.

203 2317 235 2358 Ι.
283 2334 299 2353 (ι
324 2316 430 2368 Qms
441 2316 557 2359 dabit
578 2317 705 2374 capiti
722 2328 817 2360 meo
836 2329 985 2375 aquam
1003 2327 1045 2361 et
1058 2317 1192 2361 oculis
1209 2319 1312 2360 meis
1336 2318 1517 2361 imbrem

148 2381 460 2438 »lacrymarum
474 2381 508 2430 ¹,
528 2400 542 2420 n
565 2391 611 2424 ut
628 2383 783 2440 possim
800 2383 900 2426 ssere
918 2399 994 2441 per
1014 2384 1125 2426 diem
1147 2391 1417 2441 noctemque,
1440 2383 1518 2426 do·-

149 2458 227 2487 nec
243 2460 361 2488 servo
382 2461 457 2488 suo
477 2446 682 2489 Dominus
699 2461 816 2490 meus
841 2448 963 2491 Jesus
981 2447 1172 2491 Christus
1193 2458 1405 2505 appareat,
1430 2449 1521 2490 visu

150 2511 371 2553 consolans
390 2511 572 2555 animam
594 2527 732 2556 meam
760 2514 1075 2570 peccatricem?
1102 2513 1205 2564 vos,
1230 2513 1325 2558 filiae
1344 2513 1520 2557 Jerusa-

201 2611 352 2645 *ἔοι-ειη.
368 2624 414 2653 xx,
441 2624 470 2647 1.
