1885 3284
187 279 330 313 §numo
365 279 536 318 Lxxvu‚
565 278 611 309 IN
649 276 811 310 Mum
848 276 890 309 Β.
932 275 1172 308 munnam
1210 272 1342 304 MART.
1385 274 1415 303 1.
1491 257 1549 320 57

185 423 1044 442 mmsumm=vsmmmnxsmmmsswfi
1054 424 1172 436 mm
1181 425 1234 434 ιτ-
1243 421 1543 433 xzwmsuswtnm

635 535 840 580 SERMO
876 534 1105 578 LXXVII.

381 645 434 687 In
471 642 625 689 Natali
663 645 785 687 Beati
824 642 1066 686 Laurentii
1102 641 1324 700 Martyris
1359 641 1395 682 Ι.

244 775 400 816 Ενιιῐιις
421 774 486 816 lete
503 774 644 817 Sermo
666 789 718 817 ex
742 773 846 817 Cocl.
876 772 1037 817 Cassia.
1069 785 1135 816 clx
1154 802 1165 819 ‚
1179 769 1267 825 ,be
1296 784 1349 825 92
1367 800 1377 817 ‚
1400 776 1440 810 et
1455 767 1561 811 Btbl.

186 842 396 890 Lam-ent„
421 841 529 883 plat.
554 856 647 891 xm,
677 841 775 886 Cod.
796 857 888 892 vm,
904 840 987 897 fol.
1023 840 1105 884 226
1126 838 1171 886 b,
1194 837 1298 880 nihil
1318 836 1439 879 habet
1456 834 1568 892 quod

187 917 331 951 saneto
358 910 589 964 Augustino
611 918 830 966 repugnet,
868 910 983 964 Cujus
1005 922 1150 950 nomen
1170 921 1261 962 prce
1282 920 1326 948 se
1335 904 1432 960 fert
1447 936 1457 952 ‚
1484 906 1563 945 imo

187 986 228 1018 et
247 976 399 1019 multas
414 977 596 1034 ejusdem
622 981 846 1020 sententias
863 980 1037 1019 continet
1056 984 1097 1018 et
1108 974 1317 1017 dictiones.
1345 973 1394 1016 ln
1425 970 1548 1012 Catssl

189 1043 296 1088 Bibl.
336 1044 475 1087 Venet.
515 1049 651 1088 sancti
681 1045 819 1087 Marci
849 1053 945 1086 tom.
976 1059 1022 1090 2,
1052 1043 1132 1093 sol.
1170 1043 1245 1089 51,
1270 1044 1434 1098 pariter
1458 1039 1564 1083 incli-

187 1121 320 1161 catur,
344 1120 385 1155 et
399 1117 594 1155 asterisco
612 1112 890 1170 distinguitur,
919 1119 1119 1168 tanquam
1140 1110 1317 1153 nondum
1334 1109 1481 1152 editus.
1505 1108 1566 1152 Sit

181 1189 282 1238 post
302 1195 527 1222 sermonem
561 1180 913 1224 Benedc'ctc'norum
939 1193 1041 1223 cccv
1065 1194 1152 1220 eum
1170 1193 1335 1222 numero
1356 1181 1396 1219 in
1414 1175 1569 1221 Natali

188 1250 323 1289 sancti
345 1247 555 1288 Laurentii
575 1261 611 1287 v.

739 1354 1016 1398 SYNOPSIS.

246 1458 279 1498 1.
309 1454 441 1494 Sancti
457 1455 666 1494 Laurentii
680 1455 846 1494 victoria
863 1453 912 1492 de
932 1452 1087 1492 mundo
1107 1452 1242 1491 relata.
1272 1452 1328 1491 ΙΙ.
1359 1449 1571 1492 Fortitudo

191 1518 276 1568 ejus
295 1516 501 1555 imitanda.

257 1629 293 1673 I.
336 1628 473 1672 INTER
498 1626 735 1686 laurigeros
752 1624 1044 1680 confessores,
1069 1640 1180 1687 quos
1201 1622 1255 1668 ad
1274 1622 1437 1669 coelum
1462 1639 1570 1685 pro-

192 1697 305 1745 vexit
327 1696 527 1760 perennis
541 1696 676 1756 gloria
692 1695 1089 1758 triumphatorum,
1114 1704 1288 1738 sanctus
1307 1694 1568 1738 Laurentius

195 1769 315 1815 vario
337 1766 506 1812 decoris
523 1766 688 1826 fulgore
706 1776 926 1818 coruscat;
946 1764 1152 1827 quoniam
1169 1775 1210 1808 et
1228 1763 1446 1808 leviticam
1468 1780 1571 1808 can-

194 1839 346 1886 didam
367 1848 410 1883 et
429 1837 708 1901 martyralem
731 1837 908 1884 sortitus
933 1847 996 1881 est
1028 1836 1072 1880 in
1105 1835 1304 1897 passione
1341 1850 1564 1880 coronam.

197 1908 424 1967 Quosdam
447 1908 580 1968 igitur
603 1908 777 1967 sanguis
803 1923 948 1953 roseus
967 1906 1241 1961 cruentavit,
1270 1905 1375 1950 alios
1397 1904 1572 1950 flamma

195 1993 406 2044 tanquam
428 1980 473 2025 in
485 1979 662 2025 fornace
679 1978 930 2034 succendit3
957 1979 1002 2023 in
1027 1977 1096 2023 his
1116 1978 1183 2037 (ι)
1200 1974 1376 2027 rutilus,
1406 1977 1449 2020 in
1480 1976 1570 2020 istis

198 2067 447 2116 purpureus
486 2050 608 2096 color
636 2049 817 2097 refulsit.
862 2050 982 2094 Inter
1013 2064 1161 2094 omnes
1188 2047 1340 2093 beatus
1376 2048 1569 2093 Lauren-

199 2123 283 2169 tius
295 2122 452 2186 palmis
462 2120 797 2167 versicoloribus
823 2121 1028 2173 radiavit,
1049 2120 1198 2182 sicque
1218 2118 1417 2173 verbera,
1441 2117 1567 2176 ignis,

198 2204 241 2242 et
256 2191 444 2253 gladius,
468 2202 512 2237 et
527 2192 667 2238 omnis
685 2191 859 2238 officina
879 2191 1059 2238 saevitiae
1079 2189 1221 2237 laudis
1235 2188 1385 2234 titulos
1407 2198 1570 2249 marty-

196 2263 321 2310 ribus
345 2272 612 2326 pepererunt
630 2299 641 2317 ‚
663 2263 871 2327 quoniam
891 2279 979 2309 non
1002 2271 1104 2307 sunt
1126 2261 1173 2305 in
1193 2259 1431 2306 certamine
1462 2258 1570 2304 victi

199 2333 272 2381 sed
298 2332 586 2381 ascenderunt
619 2350 642 2379 e
663 2332 825 2379 saeculo
848 2332 1061 2379 coronati,
1101 2330 1220 2387 Quid
1255 2329 1388 2390 igitur
1412 2328 1572 2374 dolor?

197 2403 305 2469 quid
330 2407 498 2468 poena?
520 2403 629 2467 quid
641 2421 754 2450 mors
777 2404 968 2450 hominis
983 2403 1189 2450 terrestris
1201 2400 1337 2447 Pvicit
1355 2416 1430 2446 vos
1447 2399 1572 2455 fides,

199 2477 421 2539 superavit
446 2492 519 2521 vos
540 2485 783 2539 martyrum
809 2475 1039 2522 fortitudo.
1068 2475 1166 2519 Jam
1191 2489 1280 2518 non
1314 2471 1491 2534 potestis
1523 2470 1572 2515 ti-

203 2546 309 2593 meri
330 2556 434 2611 post
455 2546 600 2592 finem.
627 2545 885 2592 Provexistis
907 2556 1133 2609 martyres,
1157 2560 1244 2590 non
1263 2542 1439 2590 vicistis.
1468 2542 1575 2586 Eva-

250 2648 301 2686 (ι)
316 2645 367 2678 Sic
382 2646 456 2678 eod.
470 2646 712 2685 v1n;cod.c=x
732 2646 812 2681 illis.
