1868 3301
322 317 412 347 000
582 314 614 342 5.
669 312 913 343 AUGUSTth
951 313 1154 343 EPISCOPI
1195 312 1430 344 APPENDJX.

881 506 1060 549 CAPUT
1089 506 1147 549 X.

477 635 541 675 De
574 634 796 682 Oratione,
825 642 867 674 et
895 632 1074 691 qualiter
1098 633 1222 675 homo
1247 633 1398 675 debeat
1419 650 1554 676 orare.

373 790 457 833 san
491 788 590 846 quia
619 785 697 830 tihi
728 785 956 828 manifesta
989 785 1052 842 (1)
1085 794 1149 828 est
1173 785 1306 828 virtus
1333 787 1700 845 compunctionis,

319 863 451 900 restat
481 862 530 896 ut
553 853 707 896 modus
731 850 881 893 orandi
907 850 983 892 tibi
1008 850 1234 908 pandatur.
1265 851 1473 894 Dominus
1495 853 1606 894 enim
1630 867 1704 895 os-

317 921 454 964 tendit
482 919 606 962 nobis
634 919 810 960 modum
840 917 1004 959 orandi.
1038 916 1147 958 Cum
1179 926 1400 974 rogaretur
1427 934 1448 960 a
1480 919 1706 976 Discipulis

316 989 424 1037 suis,
448 995 496 1030 ut
517 1001 589 1028 eos
613 985 790 1027 doceret
815 999 937 1026 orare
957 1016 966 1032 ‚
987 983 1092 1026 dixit
1118 999 1127 1025 :
1160 1002 1174 1022 «
1195 984 1302 1026 Cum
1325 984 1489 1026 stabitis
1512 987 1562 1027 ad
1579 1001 1706 1028 oran-

313 1077 329 1096 »
347 1057 475 1102 dum,
505 1052 637 1095 nolite
659 1052 842 1093 multum
870 1051 1010 1107 loqui,
1050 1051 1124 1092 sed
1146 1050 1275 1092 dicite
1302 1066 1310 1091 :
1341 1050 1464 1092 Pater
1493 1060 1652 1102 noster,
1678 1071 1695 1091 n

311 1130 354 1164 et
374 1128 539 1163 eaetera.
563 1117 712 1161 Oratio
743 1117 856 1159 enim
887 1116 1025 1159 brevis
1053 1117 1181 1158 debet
1203 1132 1316 1164 esse,
1346 1116 1423 1158 nisi
1444 1116 1505 1174 (2)
1525 1117 1634 1160 sorte
1656 1134 1707 1163 ex

313 1187 466 1230 affectu
491 1183 639 1226 divinae
657 1182 805 1241 gratiae
830 1183 1123 1240 protendatur.
1152 1182 1212 1224 De
1242 1183 1368 1224 beato
1391 1183 1503 1224 enim
1525 1183 1706 1227 Arsenio

321 1253 363 1295 in
394 1251 476 1294 vita
503 1249 678 1292 Pau-um
713 1248 869 1305 legitur
897 1248 1002 1297 hoc,
1037 1249 1152 1305 quod
1176 1263 1291 1290 nunc
1318 1263 1476 1290 narro:
1503 1249 1705 1293 dicebant

318 1332 439 1361 senes
473 1317 525 1358 (le
556 1315 681 1357 beato
715 1314 917 1364 Arseni0‚
949 1314 1047 1370 quia
1070 1329 1242 1371 vespere
1265 1315 1509 1356 lucescente
1533 1314 1707 1359 sabbati

321 1383 364 1425 in
381 1380 608 1424 Dominica
626 1379 892 1435 relinquebat
908 1387 1001 1436 post
1025 1394 1068 1420 se
1087 1380 1218 1422 solem
1243 1379 1425 1422 extensis
1441 1380 1638 1422 manibus
1656 1381 1709 1424 ad

318 1448 474 1495 coelum
511 1460 659 1493 orans,
695 1446 831 1487 donec
865 1460 990 1487 mane
1016 1445 1098 1487 diei
1128 1444 1362 1487 Dominicae
1390 1447 1622 1488 ascendens
1647 1448 1708 1490 sol

317 1514 549 1556 illustraret
580 1510 730 1552 faciem
769 1509 887 1567 ejus,
927 1510 1050 1552 etsie
1079 1510 1305 1552 residebat.
1340 1510 1490 1553 Videat
1514 1510 1659 1568 igitur,
1683 1527 1708 1553 o

325 1576 589 1620 sanctissima
624 1575 777 1624 Mater,
814 1575 997 1617 charitas
1029 1584 1099 1616 tua
1130 1590 1256 1632 quam
1279 1575 1397 1618 sortis
1421 1575 1496 1618 iste
1517 1576 1707 1619 fueritin

323 1640 541 1686 Orationis
563 1639 703 1682 officio
718 1672 730 1689 ‚
755 1640 826 1696 qui
855 1640 914 1695 (5)
944 1641 995 1682 de
1017 1655 1191 1697 vespere
1213 1655 1347 1696 usque
1362 1656 1502 1691 mane,
1525 1644 1708 1685 extensis

324 1707 526 1751 manibus
562 1707 724 1750 orabat.
761 1705 852 1750 Non
885 1707 980 1748 ideo
1010 1706 1093 1748 hoc
1118 1706 1194 1749 tibi
1220 1706 1391 1764 scripsi,
1416 1716 1464 1749 ut
1493 1707 1548 1750 ita
1570 1716 1706 1752 tentes

324 1774 492 1821 facere,
526 1771 598 1814 sed
632 1780 679 1814 ut
708 1770 907 1814 affectum
940 1780 981 1814 et
1004 1771 1216 1820 studium,
1241 1772 1356 1828 quod
1384 1772 1453 1814 ille
1478 1788 1552 1830 per
1577 1782 1707 1817 totam

326 1848 498 1882 noctem
516 1871 527 1888 ,
548 1839 613 1880 vel
630 1838 758 1880 etiam
775 1854 850 1895 per
873 1847 1012 1880 totum
1031 1846 1197 1895 tempus
1213 1837 1307 1880 vitae
1325 1852 1408 1879 suae
1430 1839 1615 1882 habebat
1632 1873 1642 1889 ,
1662 1849 1709 1883 tu

329 1905 372 1947 in
384 1903 648 1962 regularibus
662 1903 775 1946 horis
795 1903 952 1946 habere
974 1905 1168 1953 studeas;
1192 1912 1233 1946 et
1251 1903 1309 1945 sic
1327 1911 1409 1946 stes
1426 1905 1466 1945 in
1485 1903 1705 1956 Oratione,

323 1979 371 2014 ut
390 1985 513 2013 mens
532 1979 603 2012 tua
630 1971 723 2012 voci
759 1971 1004 2013 concordet.
1044 1969 1200 2013 Audiat
1224 1969 1352 2026 igitur
1374 1970 1512 2012 adhuc
1539 1971 1709 2014 dilectio

322 2046 396 2080 tua
420 2036 597 2079 verbum
618 2036 671 2078 de
694 2037 821 2079 modo
844 2036 1079 2080 Orationis.
1105 2036 1298 2079 Narravit
1320 2035 1448 2077 abbas
1469 2036 1613 2086 Dulas‚
1639 2038 1709 2094 qui

321 2102 401 2145 suit
425 2102 656 2158 discipulus
669 2102 928 2144 Bessarionis
949 2103 1093 2145 dicens
1112 2117 1121 2143 :
1141 2120 1155 2140 «
1174 2101 1279 2145 Veni
1303 2101 1528 2158 aliquando
1547 2104 1599 2145 ad
1613 2104 1707 2146 cel-

325 2169 410 2212 lam
445 2166 610 2209 abbatis
647 2167 729 2209 mei
751 2200 762 2216 ,
802 2176 845 2209 et
879 2167 1017 2209 inveni
1043 2182 1140 2208 eum
1165 2167 1204 2208 in
1231 2167 1460 2215 Oratione,
1490 2176 1531 2208 et
1554 2183 1705 2211 manus

326 2233 418 2291 ejus
435 2241 615 2275 extensae
630 2241 750 2275 erant
766 2235 817 2275 ad
831 2235 1000 2276 coelum.
1018 2232 1252 2275 Permansit
1274 2241 1414 2274 autem
1437 2233 1528 2276 haec
1550 2233 1706 2277 faciens

327 2308 510 2356 quatuor
549 2298 663 2348 dies,
702 2308 745 2340 et
778 2307 873 2356 post
900 2299 980 2342 hoc
1008 2299 1175 2342 vocavit
1203 2298 1436 2342 meldiceus
1457 2314 1499 2341 z«
1524 2298 1708 2356 Sequere

327 2379 409 2408 me.
431 2382 447 2404 n
471 2363 624 2406 Exiens
653 2373 793 2407 autem
823 2373 994 2408 secutus
1019 2380 1111 2407 sum
1141 2380 1239 2407 eum
1255 2398 1265 2414 ,
1293 2373 1335 2407 et
1356 2380 1453 2407 cum
1474 2379 1524 2406 eo
1548 2365 1590 2407 in
1613 2381 1708 2408 ere-

326 2445 446 2474 mum
482 2430 667 2488 perrexi,
697 2440 739 2474 et
771 2446 869 2474 cum
894 2431 1075 2482 sitirem,
1104 2432 1187 2474 dixi
1217 2447 1260 2474 z«
1283 2431 1427 2480 Abba,
1453 2430 1562 2474 sitio.
1595 2432 1709 2475 »Ille

325 2510 425 2540 vero
448 2496 600 2537 tollens
625 2511 769 2553 peram
785 2531 796 2548 ‚
820 2497 1011 2540 discessit
1029 2514 1049 2539 a
1068 2513 1135 2540 me
1153 2506 1359 2555 quantum
1379 2497 1518 2554 jactus
1538 2497 1705 2554 lapidis,

327 2568 369 2603 et
405 2559 513 2602 facta
545 2559 768 2615 Oratione,
792 2563 930 2605 attulit
958 2579 1050 2607 eam
1082 2566 1249 2622 plenam
1273 2578 1402 2621 aqua,
1427 2571 1468 2605 et
1490 2563 1603 2606 illico
1626 2564 1702 2606 ivi-

373 2669 423 2715 (ι)
442 2671 521 2703 Cod.
538 2673 757 2713 manffeseum.
774 2691 818 2699 -
837 2674 886 2718 (2)
908 2675 955 2708 Id.
973 2687 1051 2710 non.
1069 2694 1114 2701 -—-
1132 2676 1180 2718 (3)
1202 2676 1249 2710 Id.
1268 2676 1367 2717 quod.
1382 2681 1416 2707 et
1431 2674 1548 2707 deinde
1565 2683 1649 2708 orae.
