<?xml version="1.0" encoding="UTF-8"?>
<!DOCTYPE html PUBLIC "-//W3C//DTD XHTML 1.0 Transitional//EN"
    "http://www.w3.org/TR/xhtml1/DTD/xhtml1-transitional.dtd">
<html xmlns="http://www.w3.org/1999/xhtml" xml:lang="en" lang="en">
 <head>
  <title>
</title>
<meta http-equiv="Content-Type" content="text/html;charset=utf-8" />
  <meta name='ocr-system' content='tesseract 3.04.00' />
  <meta name='ocr-capabilities' content='ocr_page ocr_carea ocr_par ocr_line ocrx_word'/>
</head>
<body>
  <div class='ocr_page' id='page_1' title='image "./p2operaomniaaccu24auguuoft_0257.png"; bbox 0 0 1885 3284; ppageno 0'>
   <div class='ocr_carea' id='block_1_1' title="bbox 573 304 1559 369">
    <p class='ocr_par' dir='ltr' id='par_1_1' title="bbox 573 304 1559 369">
     <span class='ocr_line' id='line_1_1' title="bbox 573 304 1559 369; baseline 0.001 -19"><span class='ocrx_word' id='word_1_1' title='bbox 573 317 716 351; x_wconf 75' lang='lat' dir='ltr'>sERMO</span> <span class='ocrx_word' id='word_1_2' title='bbox 751 319 872 361; x_wconf 72' lang='lat' dir='ltr'>xnw,</span> <span class='ocrx_word' id='word_1_3' title='bbox 912 319 968 351; x_wconf 80' lang='lat' dir='ltr'>DE</span> <span class='ocrx_word' id='word_1_4' title='bbox 1005 318 1163 350; x_wconf 68' lang='lat' dir='ltr'>onnes.</span> <span class='ocrx_word' id='word_1_5' title='bbox 1466 304 1559 369; x_wconf 73' lang='lat'>247</span> 
     </span>
    </p>
   </div>
   <div class='ocr_carea' id='block_1_2' title="bbox 186 385 1570 2413">
    <p class='ocr_par' dir='ltr' id='par_1_2' title="bbox 186 385 1567 1296">
     <span class='ocr_line' id='line_1_2' title="bbox 188 385 1564 445; baseline -0.001 -15"><span class='ocrx_word' id='word_1_6' title='bbox 188 387 260 445; x_wconf 87' lang='lat' dir='ltr'>qui</span> <span class='ocrx_word' id='word_1_7' title='bbox 281 401 380 430; x_wconf 85' lang='lat' dir='ltr'>vero</span> <span class='ocrx_word' id='word_1_8' title='bbox 401 385 538 429; x_wconf 85' lang='lat' dir='ltr'>carnis</span> <span class='ocrx_word' id='word_1_9' title='bbox 564 388 751 444; x_wconf 83' lang='lat' dir='ltr'>pondere</span> <span class='ocrx_word' id='word_1_10' title='bbox 771 394 1054 444; x_wconf 65' lang='lat' dir='ltr'>praegravatus</span> <span class='ocrx_word' id='word_1_11' title='bbox 1070 418 1080 434; x_wconf 96' lang='lat'>,</span> <span class='ocrx_word' id='word_1_12' title='bbox 1118 385 1218 428; x_wconf 82' lang='lat' dir='ltr'>istos</span> <span class='ocrx_word' id='word_1_13' title='bbox 1241 385 1468 428; x_wconf 84' lang='lat' dir='ltr'>ascendere</span> <span class='ocrx_word' id='word_1_14' title='bbox 1492 401 1564 429; x_wconf 88' lang='lat' dir='ltr'>ne-</span> 
     </span>
     <span class='ocr_line' id='line_1_3' title="bbox 188 451 1556 510; baseline -0.001 -15"><span class='ocrx_word' id='word_1_15' title='bbox 188 453 303 510; x_wconf 84' lang='lat' dir='ltr'>quit,</span> <span class='ocrx_word' id='word_1_16' title='bbox 331 453 477 495; x_wconf 82' lang='lat' dir='ltr'>saltem</span> <span class='ocrx_word' id='word_1_17' title='bbox 499 460 596 495; x_wconf 86' lang='lat' dir='ltr'>octo</span> <span class='ocrx_word' id='word_1_18' title='bbox 634 455 861 501; x_wconf 76' lang='lat' dir='ltr'>ascendat,</span> <span class='ocrx_word' id='word_1_19' title='bbox 903 467 1007 508; x_wconf 86' lang='lat' dir='ltr'>quos</span> <span class='ocrx_word' id='word_1_20' title='bbox 1042 454 1223 493; x_wconf 75' lang='lat' dir='ltr'>Sanctus</span> <span class='ocrx_word' id='word_1_21' title='bbox 1252 451 1320 493; x_wconf 87' lang='lat' dir='ltr'>ille</span> <span class='ocrx_word' id='word_1_22' title='bbox 1358 451 1556 494; x_wconf 80' lang='lat' dir='ltr'><strong>Ezechiel</strong></span> 
     </span>
     <span class='ocr_line' id='line_1_4' title="bbox 187 517 1562 577; baseline -0.001 -17"><span class='ocrx_word' id='word_1_23' title='bbox 187 518 430 577; x_wconf 76' lang='lat' dir='ltr'>proponit¹.</span> <span class='ocrx_word' id='word_1_24' title='bbox 458 517 542 560; x_wconf 85' lang='lat' dir='ltr'>Sed</span> <span class='ocrx_word' id='word_1_25' title='bbox 565 518 596 559; x_wconf 89' lang='lat' dir='ltr'>si</span> <span class='ocrx_word' id='word_1_26' title='bbox 619 518 710 574; x_wconf 86' lang='lat' dir='ltr'>quis</span> <span class='ocrx_word' id='word_1_27' title='bbox 741 519 842 561; x_wconf 71' lang='lat' dir='ltr'>istos</span> <span class='ocrx_word' id='word_1_28' title='bbox 866 517 1092 561; x_wconf 82' lang='lat' dir='ltr'>ascendere</span> <span class='ocrx_word' id='word_1_29' title='bbox 1115 533 1196 559; x_wconf 89' lang='lat' dir='ltr'>non</span> <span class='ocrx_word' id='word_1_30' title='bbox 1224 522 1384 574; x_wconf 80' lang='lat' dir='ltr'>potest,</span> <span class='ocrx_word' id='word_1_31' title='bbox 1415 519 1562 559; x_wconf 74' lang='lat' dir='ltr'>saltem</span> 
     </span>
     <span class='ocr_line' id='line_1_5' title="bbox 188 583 1560 641; baseline -0.001 -16"><span class='ocrx_word' id='word_1_32' title='bbox 188 592 384 641; x_wconf 80' lang='lat' dir='ltr'>quatuor,</span> <span class='ocrx_word' id='word_1_33' title='bbox 410 599 512 640; x_wconf 85' lang='lat' dir='ltr'>quos</span> <span class='ocrx_word' id='word_1_34' title='bbox 534 584 667 625; x_wconf 83' lang='lat' dir='ltr'>David</span> <span class='ocrx_word' id='word_1_35' title='bbox 693 584 903 630; x_wconf 83' lang='lat' dir='ltr'>insinuat,</span> <span class='ocrx_word' id='word_1_36' title='bbox 928 584 1074 625; x_wconf 79' lang='lat' dir='ltr'>(licens</span> <span class='ocrx_word' id='word_1_37' title='bbox 1104 598 1145 623; x_wconf 72' lang='grc' dir='ltr'>τα</span> <span class='ocrx_word' id='word_1_38' title='bbox 1165 583 1267 633; x_wconf 83' lang='lat' dir='ltr'>Quis</span> <span class='ocrx_word' id='word_1_39' title='bbox 1293 583 1494 625; x_wconf 80' lang='lat' dir='ltr'><strong>ascendet</strong></span> <span class='ocrx_word' id='word_1_40' title='bbox 1520 583 1560 623; x_wconf 91' lang='lat' dir='ltr'>in</span> 
     </span>
     <span class='ocr_line' id='line_1_6' title="bbox 189 647 1556 705; baseline -0.001 -16"><span class='ocrx_word' id='word_1_41' title='bbox 189 657 404 691; x_wconf 77' lang='lat' dir='ltr'>»montem</span> <span class='ocrx_word' id='word_1_42' title='bbox 427 648 621 697; x_wconf 87' lang='lat' dir='ltr'>Domini,</span> <span class='ocrx_word' id='word_1_43' title='bbox 646 659 716 690; x_wconf 73' lang='lat' dir='ltr'>aut</span> <span class='ocrx_word' id='word_1_44' title='bbox 740 649 830 705; x_wconf 84' lang='lat' dir='ltr'>quis</span> <span class='ocrx_word' id='word_1_45' title='bbox 859 649 988 691; x_wconf 70' lang='lat' dir='ltr'>stabit</span> <span class='ocrx_word' id='word_1_46' title='bbox 1009 649 1049 690; x_wconf 89' lang='lat' dir='ltr'>in</span> <span class='ocrx_word' id='word_1_47' title='bbox 1077 649 1171 689; x_wconf 87' lang='lat' dir='ltr'>loco</span> <span class='ocrx_word' id='word_1_48' title='bbox 1197 657 1342 690; x_wconf 70' lang='lat' dir='ltr'>sancto</span> <span class='ocrx_word' id='word_1_49' title='bbox 1359 647 1472 701; x_wconf 82' lang='lat' dir='ltr'>ojns²</span> <span class='ocrx_word' id='word_1_50' title='bbox 1500 648 1518 689; x_wconf 71' lang='grc'>’9</span> <span class='ocrx_word' id='word_1_51' title='bbox 1540 666 1556 687; x_wconf 79' lang='lat' dir='ltr'>n</span> 
     </span>
     <span class='ocr_line' id='line_1_7' title="bbox 187 714 1561 771; baseline -0.001 -13"><span class='ocrx_word' id='word_1_52' title='bbox 187 715 270 758; x_wconf 83' lang='lat' dir='ltr'>Sed</span> <span class='ocrx_word' id='word_1_53' title='bbox 294 729 394 756; x_wconf 87' lang='lat' dir='ltr'>ecco</span> <span class='ocrx_word' id='word_1_54' title='bbox 424 729 528 770; x_wconf 84' lang='lat' dir='ltr'>quos</span> <span class='ocrx_word' id='word_1_55' title='bbox 549 724 730 770; x_wconf 70' lang='lat' dir='ltr'>quatuor</span> <span class='ocrx_word' id='word_1_56' title='bbox 755 716 907 771; x_wconf 73' lang='lat' dir='ltr'>gradus</span> <span class='ocrx_word' id='word_1_57' title='bbox 949 715 1023 756; x_wconf 83' lang='lat' dir='ltr'>tibi</span> <span class='ocrx_word' id='word_1_58' title='bbox 1050 714 1242 768; x_wconf 75' lang='lat' dir='ltr'><strong>assignat.</strong></span> <span class='ocrx_word' id='word_1_59' title='bbox 1277 714 1440 756; x_wconf 80' lang='lat' dir='ltr'>Primus</span> <span class='ocrx_word' id='word_1_60' title='bbox 1464 723 1526 756; x_wconf 84' lang='lat' dir='ltr'>est</span> <span class='ocrx_word' id='word_1_61' title='bbox 1551 747 1561 763; x_wconf 92' lang='lat'><strong>,</strong></span> 
     </span>
     <span class='ocr_line' id='line_1_8' title="bbox 198 779 1567 830; baseline 0.001 -9"><span class='ocrx_word' id='word_1_62' title='bbox 198 798 212 819; x_wconf 75' lang='grc' dir='ltr'><strong>α</strong></span> <span class='ocrx_word' id='word_1_63' title='bbox 234 781 399 821; x_wconf 84' lang='lat' dir='ltr'>Mundo</span> <span class='ocrx_word' id='word_1_64' title='bbox 418 780 546 821; x_wconf 80' lang='lat' dir='ltr'>corde</span> <span class='ocrx_word' id='word_1_65' title='bbox 561 797 571 827; x_wconf 92' lang='grc'><strong>;</strong></span> <span class='ocrx_word' id='word_1_66' title='bbox 588 799 602 817; x_wconf 85' lang='grc'><em>»</em></span> <span class='ocrx_word' id='word_1_67' title='bbox 625 781 835 822; x_wconf 84' lang='lat' dir='ltr'>secundus</span> <span class='ocrx_word' id='word_1_68' title='bbox 849 812 859 828; x_wconf 94' lang='lat'>,</span> <span class='ocrx_word' id='word_1_69' title='bbox 877 800 891 819; x_wconf 76' lang='grc' dir='ltr'>ιι</span> <span class='ocrx_word' id='word_1_70' title='bbox 909 781 1118 822; x_wconf 82' lang='lat' dir='ltr'>Innocens</span> <span class='ocrx_word' id='word_1_71' title='bbox 1142 779 1335 822; x_wconf 86' lang='lat' dir='ltr'>manibus</span> <span class='ocrx_word' id='word_1_72' title='bbox 1350 797 1360 827; x_wconf 82' lang='lat'><em>3</em></span> <span class='ocrx_word' id='word_1_73' title='bbox 1375 798 1389 819; x_wconf 70' lang='lat' dir='ltr'>n</span> <span class='ocrx_word' id='word_1_74' title='bbox 1406 780 1567 830; x_wconf 78' lang='lat' dir='ltr'>tertius,</span> 
     </span>
     <span class='ocr_line' id='line_1_9' title="bbox 199 844 1564 902; baseline 0 -17"><span class='ocrx_word' id='word_1_75' title='bbox 199 862 214 884; x_wconf 80' lang='lat' dir='ltr'><strong><em>a</em></strong></span> <span class='ocrx_word' id='word_1_76' title='bbox 233 846 314 896; x_wconf 88' lang='lat' dir='ltr'>Qui</span> <span class='ocrx_word' id='word_1_77' title='bbox 339 860 422 886; x_wconf 88' lang='lat' dir='ltr'>non</span> <span class='ocrx_word' id='word_1_78' title='bbox 447 845 610 902; x_wconf 80' lang='lat' dir='ltr'>accepit</span> <span class='ocrx_word' id='word_1_79' title='bbox 634 846 674 886; x_wconf 89' lang='lat' dir='ltr'>in</span> <span class='ocrx_word' id='word_1_80' title='bbox 703 861 856 888; x_wconf 82' lang='lat' dir='ltr'>vanum</span> <span class='ocrx_word' id='word_1_81' title='bbox 886 847 1066 887; x_wconf 79' lang='lat' dir='ltr'>animan]</span> <span class='ocrx_word' id='word_1_82' title='bbox 1093 860 1210 887; x_wconf 82' lang='lat' dir='ltr'>suam</span> <span class='ocrx_word' id='word_1_83' title='bbox 1231 877 1238 892; x_wconf 93' lang='lat'><strong>‚</strong></span> <span class='ocrx_word' id='word_1_84' title='bbox 1261 864 1274 883; x_wconf 75' lang='grc' dir='ltr'>ι)</span> <span class='ocrx_word' id='word_1_85' title='bbox 1290 846 1362 886; x_wconf 85' lang='lat' dir='ltr'>sed</span> <span class='ocrx_word' id='word_1_86' title='bbox 1385 844 1564 886; x_wconf 79' lang='lat' dir='ltr'>fructifi-</span> 
     </span>
     <span class='ocr_line' id='line_1_10' title="bbox 188 910 1567 968; baseline -0.003 -14"><span class='ocrx_word' id='word_1_87' title='bbox 188 911 324 954; x_wconf 83' lang='lat' dir='ltr'>cando</span> <span class='ocrx_word' id='word_1_88' title='bbox 346 912 397 952; x_wconf 84' lang='lat' dir='ltr'>de</span> <span class='ocrx_word' id='word_1_89' title='bbox 411 911 616 952; x_wconf 76' lang='lat' dir='ltr'>virtutein</span> <span class='ocrx_word' id='word_1_90' title='bbox 633 911 826 953; x_wconf 76' lang='lat' dir='ltr'>virtutem</span> <span class='ocrx_word' id='word_1_91' title='bbox 844 928 854 959; x_wconf 76' lang='grc' dir='ltr'><em>ς</em></span> <span class='ocrx_word' id='word_1_92' title='bbox 870 919 910 952; x_wconf 78' lang='grc' dir='ltr'>οι</span> <span class='ocrx_word' id='word_1_93' title='bbox 927 919 1102 968; x_wconf 73' lang='lat' dir='ltr'>quartus</span> <span class='ocrx_word' id='word_1_94' title='bbox 1119 920 1199 958; x_wconf 77' lang='lat' dir='ltr'>est,</span> <span class='ocrx_word' id='word_1_95' title='bbox 1220 929 1234 948; x_wconf 84' lang='grc' dir='ltr'>α</span> <span class='ocrx_word' id='word_1_96' title='bbox 1250 910 1331 961; x_wconf 78' lang='lat' dir='ltr'>Qui</span> <span class='ocrx_word' id='word_1_97' title='bbox 1347 925 1429 952; x_wconf 85' lang='lat' dir='ltr'>non</span> <span class='ocrx_word' id='word_1_98' title='bbox 1453 910 1567 965; x_wconf 77' lang='lat' dir='ltr'>jurat</span> 
     </span>
     <span class='ocr_line' id='line_1_11' title="bbox 188 976 1566 1033; baseline 0 -16"><span class='ocrx_word' id='word_1_99' title='bbox 188 977 259 1019; x_wconf 90' lang='lat' dir='ltr'>»in</span> <span class='ocrx_word' id='word_1_100' title='bbox 291 978 386 1019; x_wconf 85' lang='lat' dir='ltr'>dolo</span> <span class='ocrx_word' id='word_1_101' title='bbox 421 976 611 1033; x_wconf 85' lang='lat' dir='ltr'>proximo</span> <span class='ocrx_word' id='word_1_102' title='bbox 629 991 705 1018; x_wconf 87' lang='lat' dir='ltr'>suo</span> <span class='ocrx_word' id='word_1_103' title='bbox 723 976 749 1018; x_wconf 74' lang='lat'>³.</span> <span class='ocrx_word' id='word_1_104' title='bbox 775 995 789 1016; x_wconf 86' lang='lat'>»</span> <span class='ocrx_word' id='word_1_105' title='bbox 816 976 1105 1033; x_wconf 69' lang='lat' dir='ltr'>Conqueritur</span> <span class='ocrx_word' id='word_1_106' title='bbox 1126 977 1252 1018; x_wconf 83' lang='lat' dir='ltr'>etiam</span> <span class='ocrx_word' id='word_1_107' title='bbox 1272 976 1362 1032; x_wconf 82' lang='lat' dir='ltr'>quis</span> <span class='ocrx_word' id='word_1_108' title='bbox 1383 1009 1393 1024; x_wconf 92' lang='lat'><strong>,</strong></span> <span class='ocrx_word' id='word_1_109' title='bbox 1420 985 1461 1017; x_wconf 81' lang='lat' dir='ltr'>et</span> <span class='ocrx_word' id='word_1_110' title='bbox 1490 991 1566 1017; x_wconf 82' lang='lat' dir='ltr'>ex—</span> 
     </span>
     <span class='ocr_line' id='line_1_12' title="bbox 186 1042 1566 1099; baseline -0.001 -15"><span class='ocrx_word' id='word_1_111' title='bbox 186 1051 306 1085; x_wconf 83' lang='lat' dir='ltr'>cusat</span> <span class='ocrx_word' id='word_1_112' title='bbox 327 1057 370 1084; x_wconf 88' lang='lat' dir='ltr'>se</span> <span class='ocrx_word' id='word_1_113' title='bbox 392 1043 532 1084; x_wconf 85' lang='lat' dir='ltr'>adhue</span> <span class='ocrx_word' id='word_1_114' title='bbox 555 1057 637 1084; x_wconf 85' lang='lat' dir='ltr'>non</span> <span class='ocrx_word' id='word_1_115' title='bbox 659 1057 783 1099; x_wconf 85' lang='lat' dir='ltr'>posse</span> <span class='ocrx_word' id='word_1_116' title='bbox 803 1042 902 1084; x_wconf 82' lang='lat' dir='ltr'>istos</span> <span class='ocrx_word' id='word_1_117' title='bbox 923 1043 1162 1085; x_wconf 80' lang='lat' dir='ltr'>ascendere.</span> <span class='ocrx_word' id='word_1_118' title='bbox 1191 1043 1227 1085; x_wconf 89' lang='lat' dir='ltr'><em>O</em></span> <span class='ocrx_word' id='word_1_119' title='bbox 1249 1051 1462 1098; x_wconf 71' lang='lat' dir='ltr'>peccator,</span> <span class='ocrx_word' id='word_1_120' title='bbox 1482 1043 1566 1083; x_wconf 79' lang='lat' dir='ltr'>sal-</span> 
     </span>
     <span class='ocr_line' id='line_1_13' title="bbox 187 1108 1564 1164; baseline -0.001 -13"><span class='ocrx_word' id='word_1_121' title='bbox 187 1118 271 1151; x_wconf 81' lang='lat' dir='ltr'>tem</span> <span class='ocrx_word' id='word_1_122' title='bbox 297 1109 400 1150; x_wconf 82' lang='lat' dir='ltr'>duos</span> <span class='ocrx_word' id='word_1_123' title='bbox 429 1109 657 1150; x_wconf 82' lang='lat' dir='ltr'>ascendere</span> <span class='ocrx_word' id='word_1_124' title='bbox 675 1141 684 1156; x_wconf 95' lang='lat'>,</span> <span class='ocrx_word' id='word_1_125' title='bbox 710 1109 743 1149; x_wconf 88' lang='lat' dir='ltr'>si</span> <span class='ocrx_word' id='word_1_126' title='bbox 769 1108 825 1149; x_wconf 86' lang='lat' dir='ltr'>vis</span> <span class='ocrx_word' id='word_1_127' title='bbox 851 1109 902 1150; x_wconf 84' lang='lat' dir='ltr'>ad</span> <span class='ocrx_word' id='word_1_128' title='bbox 926 1109 1052 1150; x_wconf 76' lang='lat' dir='ltr'>vitam</span> <span class='ocrx_word' id='word_1_129' title='bbox 1075 1109 1264 1164; x_wconf 82' lang='lat' dir='ltr'>ingredi,</span> <span class='ocrx_word' id='word_1_130' title='bbox 1289 1108 1363 1149; x_wconf 75' lang='lat' dir='ltr'>tibi</span> <span class='ocrx_word' id='word_1_131' title='bbox 1390 1122 1564 1150; x_wconf 84' lang='lat' dir='ltr'>necesse</span> 
     </span>
     <span class='ocr_line' id='line_1_14' title="bbox 186 1173 1565 1230; baseline -0.001 -14"><span class='ocrx_word' id='word_1_132' title='bbox 186 1183 276 1222; x_wconf 75' lang='lat' dir='ltr'>est3</span> <span class='ocrx_word' id='word_1_133' title='bbox 297 1174 459 1216; x_wconf 83' lang='lat' dir='ltr'>scilicet</span> <span class='ocrx_word' id='word_1_134' title='bbox 479 1191 492 1211; x_wconf 73' lang='grc' dir='ltr'><em>α</em></span> <span class='ocrx_word' id='word_1_135' title='bbox 510 1173 666 1230; x_wconf 79' lang='lat' dir='ltr'>Diliges</span> <span class='ocrx_word' id='word_1_136' title='bbox 695 1174 922 1214; x_wconf 83' lang='lat' dir='ltr'>Dominum</span> <span class='ocrx_word' id='word_1_137' title='bbox 942 1175 1077 1215; x_wconf 84' lang='lat' dir='ltr'>Deum</span> <span class='ocrx_word' id='word_1_138' title='bbox 1098 1181 1215 1215; x_wconf 75' lang='lat' dir='ltr'>tuum</span> <span class='ocrx_word' id='word_1_139' title='bbox 1233 1206 1242 1219; x_wconf 87' lang='lat'><strong>.</strong></span> <span class='ocrx_word' id='word_1_140' title='bbox 1264 1181 1305 1214; x_wconf 79' lang='lat' dir='ltr'>et</span> <span class='ocrx_word' id='word_1_141' title='bbox 1323 1173 1565 1230; x_wconf 83' lang='lat' dir='ltr'>proximum</span> 
     </span>
     <span class='ocr_line' id='line_1_15' title="bbox 187 1238 1229 1296; baseline -0.003 -16"><span class='ocrx_word' id='word_1_142' title='bbox 187 1258 202 1280; x_wconf 58' lang='grc' dir='ltr'>,ν</span> <span class='ocrx_word' id='word_1_143' title='bbox 217 1248 336 1281; x_wconf 86' lang='lat' dir='ltr'><strong>tuum</strong></span> <span class='ocrx_word' id='word_1_144' title='bbox 358 1271 370 1287; x_wconf 88' lang='lat'><strong>,</strong></span> <span class='ocrx_word' id='word_1_145' title='bbox 399 1239 508 1280; x_wconf 79' lang='lat' dir='ltr'>sicut</span> <span class='ocrx_word' id='word_1_146' title='bbox 535 1247 574 1280; x_wconf 81' lang='lat' dir='ltr'>te</span> <span class='ocrx_word' id='word_1_147' title='bbox 597 1238 733 1296; x_wconf 86' lang='lat' dir='ltr'>ipsum</span> <span class='ocrx_word' id='word_1_148' title='bbox 756 1254 764 1279; x_wconf 76' lang='grc' dir='ltr'>ε</span> <span class='ocrx_word' id='word_1_149' title='bbox 787 1239 866 1280; x_wconf 85' lang='lat' dir='ltr'>hoc</span> <span class='ocrx_word' id='word_1_150' title='bbox 889 1239 956 1280; x_wconf 78' lang='lat' dir='ltr'>fac</span> <span class='ocrx_word' id='word_1_151' title='bbox 978 1248 1020 1280; x_wconf 81' lang='lat' dir='ltr'>ot</span> <span class='ocrx_word' id='word_1_152' title='bbox 1039 1240 1148 1280; x_wconf 89' lang='lat' dir='ltr'>vives</span> <span class='ocrx_word' id='word_1_153' title='bbox 1162 1238 1192 1280; x_wconf 83' lang='lat'>‘¹.</span> <span class='ocrx_word' id='word_1_154' title='bbox 1215 1257 1229 1277; x_wconf 73' lang='lat' dir='ltr'><strong><em>n</em></strong></span> 
     </span>
    </p>

    <p class='ocr_par' dir='ltr' id='par_1_3' title="bbox 187 1303 1570 2413">
     <span class='ocr_line' id='line_1_16' title="bbox 246 1303 1569 1361; baseline -0.001 -15"><span class='ocrx_word' id='word_1_155' title='bbox 246 1304 313 1346; x_wconf 84' lang='lat' dir='ltr'>IV.</span> <span class='ocrx_word' id='word_1_156' title='bbox 351 1304 434 1345; x_wconf 82' lang='lat' dir='ltr'>Sed</span> <span class='ocrx_word' id='word_1_157' title='bbox 457 1304 598 1346; x_wconf 85' lang='lat' dir='ltr'>adhuc</span> <span class='ocrx_word' id='word_1_158' title='bbox 627 1304 740 1346; x_wconf 79' lang='lat' dir='ltr'>dicet</span> <span class='ocrx_word' id='word_1_159' title='bbox 758 1305 848 1360; x_wconf 86' lang='lat' dir='ltr'>quis</span> <span class='ocrx_word' id='word_1_160' title='bbox 874 1320 882 1346; x_wconf 94' lang='lat'>:</span> <span class='ocrx_word' id='word_1_161' title='bbox 904 1305 988 1361; x_wconf 82' lang='lat' dir='ltr'>Ego</span> <span class='ocrx_word' id='word_1_162' title='bbox 1013 1305 1141 1346; x_wconf 80' lang='lat' dir='ltr'>miser</span> <span class='ocrx_word' id='word_1_163' title='bbox 1158 1319 1361 1361; x_wconf 80' lang='lat' dir='ltr'>corporea</span> <span class='ocrx_word' id='word_1_164' title='bbox 1386 1303 1569 1345; x_wconf 76' lang='lat' dir='ltr'>infirmi-</span> 
     </span>
     <span class='ocr_line' id='line_1_17' title="bbox 191 1369 1569 1426; baseline -0.001 -14"><span class='ocrx_word' id='word_1_165' title='bbox 191 1377 276 1412; x_wconf 81' lang='lat' dir='ltr'>tate</span> <span class='ocrx_word' id='word_1_166' title='bbox 292 1377 485 1426; x_wconf 76' lang='lat' dir='ltr'>gravatus</span> <span class='ocrx_word' id='word_1_167' title='bbox 507 1384 597 1410; x_wconf 86' lang='lat' dir='ltr'>sum</span> <span class='ocrx_word' id='word_1_168' title='bbox 614 1401 625 1417; x_wconf 93' lang='lat'><em>‚</em></span> <span class='ocrx_word' id='word_1_169' title='bbox 651 1369 692 1410; x_wconf 88' lang='lat' dir='ltr'>in</span> <span class='ocrx_word' id='word_1_170' title='bbox 725 1370 983 1426; x_wconf 66' lang='lat' dir='ltr'>decrepitate</span> <span class='ocrx_word' id='word_1_171' title='bbox 1006 1370 1165 1426; x_wconf 75' lang='lat' dir='ltr'>positus</span> <span class='ocrx_word' id='word_1_172' title='bbox 1189 1385 1280 1411; x_wconf 82' lang='lat' dir='ltr'>sum</span> <span class='ocrx_word' id='word_1_173' title='bbox 1305 1402 1314 1416; x_wconf 94' lang='lat'>‚</span> <span class='ocrx_word' id='word_1_174' title='bbox 1341 1370 1462 1410; x_wconf 77' lang='lat' dir='ltr'>amisi</span> <span class='ocrx_word' id='word_1_175' title='bbox 1482 1370 1569 1411; x_wconf 81' lang='lat' dir='ltr'>sso-</span> 
     </span>
     <span class='ocr_line' id='line_1_18' title="bbox 190 1435 1569 1492; baseline -0.001 -15"><span class='ocrx_word' id='word_1_176' title='bbox 190 1450 279 1477; x_wconf 80' lang='lat' dir='ltr'>rem</span> <span class='ocrx_word' id='word_1_177' title='bbox 300 1435 530 1490; x_wconf 81' lang='lat' dir='ltr'>juventutis</span> <span class='ocrx_word' id='word_1_178' title='bbox 553 1449 656 1475; x_wconf 82' lang='lat' dir='ltr'>meae</span> <span class='ocrx_word' id='word_1_179' title='bbox 675 1467 683 1482; x_wconf 95' lang='lat'><strong><em>‚</em></strong></span> <span class='ocrx_word' id='word_1_180' title='bbox 709 1438 845 1476; x_wconf 86' lang='lat' dir='ltr'>Deum</span> <span class='ocrx_word' id='word_1_181' title='bbox 862 1435 903 1476; x_wconf 88' lang='lat' dir='ltr'>in</span> <span class='ocrx_word' id='word_1_182' title='bbox 928 1437 1041 1477; x_wconf 84' lang='lat' dir='ltr'>nullo</span> <span class='ocrx_word' id='word_1_183' title='bbox 1066 1435 1244 1492; x_wconf 76' lang='lat' dir='ltr'>cognovi</span> <span class='ocrx_word' id='word_1_184' title='bbox 1271 1468 1280 1483; x_wconf 93' lang='lat'>,</span> <span class='ocrx_word' id='word_1_185' title='bbox 1305 1443 1440 1476; x_wconf 79' lang='lat' dir='ltr'>totum</span> <span class='ocrx_word' id='word_1_186' title='bbox 1462 1444 1569 1476; x_wconf 84' lang='lat' dir='ltr'>tem-</span> 
     </span>
     <span class='ocr_line' id='line_1_19' title="bbox 189 1500 1566 1558; baseline 0.001 -16"><span class='ocrx_word' id='word_1_187' title='bbox 189 1517 266 1558; x_wconf 88' lang='lat' dir='ltr'>pus</span> <span class='ocrx_word' id='word_1_188' title='bbox 295 1515 437 1543; x_wconf 83' lang='lat' dir='ltr'>meum</span> <span class='ocrx_word' id='word_1_189' title='bbox 459 1500 703 1557; x_wconf 82' lang='lat' dir='ltr'>consumpsi</span> <span class='ocrx_word' id='word_1_190' title='bbox 729 1501 943 1543; x_wconf 77' lang='lat' dir='ltr'>luxuriose</span> <span class='ocrx_word' id='word_1_191' title='bbox 968 1502 1146 1543; x_wconf 90' lang='lat' dir='ltr'>vivendo</span> <span class='ocrx_word' id='word_1_192' title='bbox 1166 1534 1176 1550; x_wconf 90' lang='lat'><strong>,</strong></span> <span class='ocrx_word' id='word_1_193' title='bbox 1199 1501 1303 1542; x_wconf 79' lang='lat' dir='ltr'>nihil</span> <span class='ocrx_word' id='word_1_194' title='bbox 1326 1500 1440 1542; x_wconf 80' lang='lat' dir='ltr'>alind</span> <span class='ocrx_word' id='word_1_195' title='bbox 1463 1501 1566 1543; x_wconf 84' lang='lat' dir='ltr'>mihi</span> 
     </span>
     <span class='ocr_line' id='line_1_20' title="bbox 188 1565 1567 1624; baseline -0.001 -15"><span class='ocrx_word' id='word_1_196' title='bbox 188 1574 315 1609; x_wconf 82' lang='lat' dir='ltr'>restat</span> <span class='ocrx_word' id='word_1_197' title='bbox 335 1599 345 1615; x_wconf 94' lang='lat'><em>‚</em></span> <span class='ocrx_word' id='word_1_198' title='bbox 371 1565 448 1607; x_wconf 88' lang='lat' dir='ltr'>nisi</span> <span class='ocrx_word' id='word_1_199' title='bbox 467 1573 511 1606; x_wconf 86' lang='lat' dir='ltr'>ut</span> <span class='ocrx_word' id='word_1_200' title='bbox 533 1566 704 1614; x_wconf 78' lang='lat' dir='ltr'>moriar,</span> <span class='ocrx_word' id='word_1_201' title='bbox 732 1575 774 1607; x_wconf 80' lang='lat' dir='ltr'>ct</span> <span class='ocrx_word' id='word_1_202' title='bbox 789 1584 803 1604; x_wconf 79' lang='grc' dir='ltr'>α</span> <span class='ocrx_word' id='word_1_203' title='bbox 827 1566 1092 1608; x_wconf 78' lang='lat' dir='ltr'>Descendam</span> <span class='ocrx_word' id='word_1_204' title='bbox 1107 1568 1147 1608; x_wconf 90' lang='lat' dir='ltr'>in</span> <span class='ocrx_word' id='word_1_205' title='bbox 1168 1566 1425 1624; x_wconf 80' lang='lat' dir='ltr'>profundum</span> <span class='ocrx_word' id='word_1_206' title='bbox 1449 1566 1567 1621; x_wconf 81' lang='lat' dir='ltr'>quasi</span> 
     </span>
     <span class='ocr_line' id='line_1_21' title="bbox 187 1631 1568 1689; baseline 0.001 -17"><span class='ocrx_word' id='word_1_207' title='bbox 187 1631 341 1689; x_wconf 77' lang='lat' dir='ltr'>»lapis⁵</span> <span class='ocrx_word' id='word_1_208' title='bbox 359 1648 371 1680; x_wconf 85' lang='lat'><em>3</em></span> <span class='ocrx_word' id='word_1_209' title='bbox 393 1632 635 1688; x_wconf 79' lang='lat' dir='ltr'>»quomodo</span> <span class='ocrx_word' id='word_1_210' title='bbox 661 1646 758 1688; x_wconf 83' lang='lat' dir='ltr'>ergo</span> <span class='ocrx_word' id='word_1_211' title='bbox 776 1632 913 1674; x_wconf 85' lang='lat' dir='ltr'>Deum</span> <span class='ocrx_word' id='word_1_212' title='bbox 931 1632 1103 1689; x_wconf 82' lang='lat' dir='ltr'>diligere</span> <span class='ocrx_word' id='word_1_213' title='bbox 1123 1647 1294 1689; x_wconf 83' lang='lat' dir='ltr'>possum</span> <span class='ocrx_word' id='word_1_214' title='bbox 1312 1632 1329 1672; x_wconf 76' lang='grc' dir='ltr'><strong><em>Ρ</em></strong></span> <span class='ocrx_word' id='word_1_215' title='bbox 1352 1634 1568 1687; x_wconf 85' lang='lat' dir='ltr'>quomodo</span> 
     </span>
     <span class='ocr_line' id='line_1_22' title="bbox 188 1695 1567 1754; baseline 0 -15"><span class='ocrx_word' id='word_1_216' title='bbox 188 1698 427 1754; x_wconf 83' lang='lat' dir='ltr'>proximum</span> <span class='ocrx_word' id='word_1_217' title='bbox 449 1695 558 1737; x_wconf 85' lang='lat' dir='ltr'>sicut</span> <span class='ocrx_word' id='word_1_218' title='bbox 579 1710 647 1737; x_wconf 86' lang='lat' dir='ltr'>me</span> <span class='ocrx_word' id='word_1_219' title='bbox 671 1696 844 1752; x_wconf 78' lang='lat' dir='ltr'>ipsum?</span> <span class='ocrx_word' id='word_1_220' title='bbox 876 1699 1083 1753; x_wconf 79' lang='lat' dir='ltr'>numquid</span> <span class='ocrx_word' id='word_1_221' title='bbox 1117 1700 1169 1740; x_wconf 83' lang='lat' dir='ltr'>ad</span> <span class='ocrx_word' id='word_1_222' title='bbox 1209 1698 1345 1740; x_wconf 81' lang='lat' dir='ltr'>Deum</span> <span class='ocrx_word' id='word_1_223' title='bbox 1386 1697 1567 1753; x_wconf 81' lang='lat' dir='ltr'>diligen-</span> 
     </span>
     <span class='ocr_line' id='line_1_23' title="bbox 190 1760 1570 1817; baseline -0.001 -12"><span class='ocrx_word' id='word_1_224' title='bbox 190 1763 290 1805; x_wconf 88' lang='lat' dir='ltr'>dum</span> <span class='ocrx_word' id='word_1_225' title='bbox 319 1765 381 1817; x_wconf 83' lang='grc' dir='ltr'>(ι)</span> <span class='ocrx_word' id='word_1_226' title='bbox 404 1760 559 1803; x_wconf 77' lang='lat' dir='ltr'>sufficit</span> <span class='ocrx_word' id='word_1_227' title='bbox 586 1770 750 1803; x_wconf 76' lang='lat' dir='ltr'>tantum</span> <span class='ocrx_word' id='word_1_228' title='bbox 774 1762 978 1805; x_wconf 75' lang='lat' dir='ltr'>credere?</span> <span class='ocrx_word' id='word_1_229' title='bbox 995 1763 1108 1814; x_wconf 81' lang='lat' dir='ltr'>Quid</span> <span class='ocrx_word' id='word_1_230' title='bbox 1128 1763 1240 1805; x_wconf 84' lang='lat' dir='ltr'>enim</span> <span class='ocrx_word' id='word_1_231' title='bbox 1259 1771 1321 1804; x_wconf 82' lang='lat' dir='ltr'>est</span> <span class='ocrx_word' id='word_1_232' title='bbox 1342 1762 1480 1804; x_wconf 80' lang='lat' dir='ltr'>Deum</span> <span class='ocrx_word' id='word_1_233' title='bbox 1505 1763 1570 1804; x_wconf 92' lang='lat' dir='ltr'>di-</span> 
     </span>
     <span class='ocr_line' id='line_1_24' title="bbox 187 1828 1564 1887; baseline -0.001 -15"><span class='ocrx_word' id='word_1_234' title='bbox 187 1831 340 1887; x_wconf 85' lang='lat' dir='ltr'>ligere,</span> <span class='ocrx_word' id='word_1_235' title='bbox 385 1828 462 1869; x_wconf 83' lang='lat' dir='ltr'>nisi</span> <span class='ocrx_word' id='word_1_236' title='bbox 490 1842 632 1868; x_wconf 85' lang='lat' dir='ltr'>amore</span> <span class='ocrx_word' id='word_1_237' title='bbox 667 1828 732 1869; x_wconf 88' lang='lat' dir='ltr'>sui</span> <span class='ocrx_word' id='word_1_238' title='bbox 769 1829 908 1870; x_wconf 82' lang='lat' dir='ltr'>omnia</span> <span class='ocrx_word' id='word_1_239' title='bbox 934 1829 1251 1871; x_wconf 56' lang='lat' dir='ltr'>contemnere?</span> <span class='ocrx_word' id='word_1_240' title='bbox 1275 1837 1322 1870; x_wconf 84' lang='lat' dir='ltr'>ut</span> <span class='ocrx_word' id='word_1_241' title='bbox 1352 1829 1471 1884; x_wconf 82' lang='lat' dir='ltr'>qnod</span> <span class='ocrx_word' id='word_1_242' title='bbox 1505 1830 1564 1884; x_wconf 83' lang='lat'>(2)</span> 
     </span>
     <span class='ocr_line' id='line_1_25' title="bbox 188 1892 1569 1950; baseline -0.002 -11"><span class='ocrx_word' id='word_1_243' title='bbox 188 1904 372 1943; x_wconf 79' lang='lat' dir='ltr'>amatur,</span> <span class='ocrx_word' id='word_1_244' title='bbox 399 1901 563 1936; x_wconf 80' lang='lat' dir='ltr'>ametur</span> <span class='ocrx_word' id='word_1_245' title='bbox 586 1892 627 1934; x_wconf 86' lang='lat' dir='ltr'>in</span> <span class='ocrx_word' id='word_1_246' title='bbox 653 1893 823 1935; x_wconf 74' lang='lat' dir='ltr'>Deum?</span> <span class='ocrx_word' id='word_1_247' title='bbox 860 1895 961 1950; x_wconf 88' lang='lat' dir='ltr'>qnid</span> <span class='ocrx_word' id='word_1_248' title='bbox 983 1903 1046 1936; x_wconf 84' lang='lat' dir='ltr'>est</span> <span class='ocrx_word' id='word_1_249' title='bbox 1073 1894 1215 1936; x_wconf 87' lang='lat' dir='ltr'>Deum</span> <span class='ocrx_word' id='word_1_250' title='bbox 1250 1894 1424 1950; x_wconf 83' lang='lat' dir='ltr'>diligere</span> <span class='ocrx_word' id='word_1_251' title='bbox 1444 1927 1453 1943; x_wconf 91' lang='lat'><strong><em>,</em></strong></span> <span class='ocrx_word' id='word_1_252' title='bbox 1491 1895 1569 1936; x_wconf 90' lang='lat' dir='ltr'>nisi</span> 
     </span>
     <span class='ocr_line' id='line_1_26' title="bbox 188 1958 1569 2018; baseline -0.002 -13"><span class='ocrx_word' id='word_1_253' title='bbox 188 1962 329 2005; x_wconf 82' lang='lat' dir='ltr'>onmia</span> <span class='ocrx_word' id='word_1_254' title='bbox 350 1994 360 2010; x_wconf 93' lang='lat'><strong>‚</strong></span> <span class='ocrx_word' id='word_1_255' title='bbox 379 1974 471 2017; x_wconf 82' lang='lat' dir='ltr'>quae</span> <span class='ocrx_word' id='word_1_256' title='bbox 493 1958 684 2016; x_wconf 81' lang='lat' dir='ltr'>praeoipit</span> <span class='ocrx_word' id='word_1_257' title='bbox 700 1991 709 2009; x_wconf 93' lang='lat'>‚</span> <span class='ocrx_word' id='word_1_258' title='bbox 736 1960 991 2003; x_wconf 80' lang='lat' dir='ltr'>ohservare?</span> <span class='ocrx_word' id='word_1_259' title='bbox 1012 1959 1095 2002; x_wconf 87' lang='lat' dir='ltr'>Sed</span> <span class='ocrx_word' id='word_1_260' title='bbox 1127 1976 1203 2018; x_wconf 85' lang='lat' dir='ltr'>ego</span> <span class='ocrx_word' id='word_1_261' title='bbox 1229 1961 1357 2002; x_wconf 82' lang='lat' dir='ltr'>miser</span> <span class='ocrx_word' id='word_1_262' title='bbox 1389 1959 1569 2002; x_wconf 82' lang='lat' dir='ltr'>infirmi-</span> 
     </span>
     <span class='ocr_line' id='line_1_27' title="bbox 189 2025 1568 2085; baseline -0.003 -13"><span class='ocrx_word' id='word_1_263' title='bbox 189 2038 272 2072; x_wconf 82' lang='lat' dir='ltr'><strong>tate</strong></span> <span class='ocrx_word' id='word_1_264' title='bbox 287 2034 480 2085; x_wconf 77' lang='lat' dir='ltr'>gravatns</span> <span class='ocrx_word' id='word_1_265' title='bbox 495 2058 505 2073; x_wconf 92' lang='lat'>‚</span> <span class='ocrx_word' id='word_1_266' title='bbox 535 2025 700 2082; x_wconf 83' lang='lat' dir='ltr'>operari</span> <span class='ocrx_word' id='word_1_267' title='bbox 723 2025 879 2082; x_wconf 77' lang='lat' dir='ltr'>aliquid</span> <span class='ocrx_word' id='word_1_268' title='bbox 897 2028 1111 2083; x_wconf 82' lang='lat' dir='ltr'>quomodo</span> <span class='ocrx_word' id='word_1_269' title='bbox 1134 2041 1303 2083; x_wconf 84' lang='lat' dir='ltr'>possum</span> <span class='ocrx_word' id='word_1_270' title='bbox 1319 2026 1335 2067; x_wconf 73' lang='lat' dir='ltr'>&#39;z’</span> <span class='ocrx_word' id='word_1_271' title='bbox 1355 2025 1467 2068; x_wconf 84' lang='lat' dir='ltr'>Nihil</span> <span class='ocrx_word' id='word_1_272' title='bbox 1483 2026 1568 2083; x_wconf 81' lang='lat' dir='ltr'>jam</span> 
     </span>
     <span class='ocr_line' id='line_1_28' title="bbox 187 2090 1569 2148; baseline -0.002 -11"><span class='ocrx_word' id='word_1_273' title='bbox 187 2095 293 2138; x_wconf 81' lang='lat' dir='ltr'>mihi</span> <span class='ocrx_word' id='word_1_274' title='bbox 311 2090 535 2139; x_wconf 79' lang='lat' dir='ltr'>remansit,</span> <span class='ocrx_word' id='word_1_275' title='bbox 557 2090 634 2132; x_wconf 83' lang='lat' dir='ltr'>nisi</span> <span class='ocrx_word' id='word_1_276' title='bbox 655 2099 816 2133; x_wconf 77' lang='lat' dir='ltr'>tantum</span> <span class='ocrx_word' id='word_1_277' title='bbox 836 2093 1039 2134; x_wconf 82' lang='lat' dir='ltr'>voluntas.</span> <span class='ocrx_word' id='word_1_278' title='bbox 1062 2092 1176 2142; x_wconf 87' lang='lat' dir='ltr'>Quid</span> <span class='ocrx_word' id='word_1_279' title='bbox 1194 2108 1294 2148; x_wconf 80' lang='lat' dir='ltr'>ergo</span> <span class='ocrx_word' id='word_1_280' title='bbox 1319 2093 1370 2133; x_wconf 82' lang='lat' dir='ltr'>de</span> <span class='ocrx_word' id='word_1_281' title='bbox 1393 2107 1460 2133; x_wconf 83' lang='lat' dir='ltr'>me</span> <span class='ocrx_word' id='word_1_282' title='bbox 1477 2107 1569 2134; x_wconf 86' lang='lat' dir='ltr'>esse</span> 
     </span>
     <span class='ocr_line' id='line_1_29' title="bbox 187 2156 1566 2218; baseline -0.003 -16"><span class='ocrx_word' id='word_1_283' title='bbox 187 2158 356 2218; x_wconf 69' lang='lat' dir='ltr'>poterit,</span> <span class='ocrx_word' id='word_1_284' title='bbox 383 2157 459 2198; x_wconf 79' lang='lat' dir='ltr'>nisi</span> <span class='ocrx_word' id='word_1_285' title='bbox 477 2156 591 2212; x_wconf 88' lang='lat' dir='ltr'>quod</span> <span class='ocrx_word' id='word_1_286' title='bbox 609 2156 697 2197; x_wconf 78' lang='lat' dir='ltr'>sine</span> <span class='ocrx_word' id='word_1_287' title='bbox 721 2157 1014 2213; x_wconf 72' lang='lat' dir='ltr'>redemptione</span> <span class='ocrx_word' id='word_1_288' title='bbox 1033 2158 1268 2199; x_wconf 63' lang='lat' dir='ltr'>ad&#39;i&#39;anara</span> <span class='ocrx_word' id='word_1_289' title='bbox 1289 2157 1566 2198; x_wconf 73' lang='lat' dir='ltr'>descendam?</span> 
     </span>
     <span class='ocr_line' id='line_1_30' title="bbox 187 2223 1559 2280; baseline -0.003 -11"><span class='ocrx_word' id='word_1_290' title='bbox 187 2227 225 2269; x_wconf 91' lang='grc' dir='ltr'><strong>Ο</strong></span> <span class='ocrx_word' id='word_1_291' title='bbox 245 2227 373 2268; x_wconf 83' lang='lat' dir='ltr'>hoino</span> <span class='ocrx_word' id='word_1_292' title='bbox 389 2256 400 2274; x_wconf 89' lang='lat'><strong>‚</strong></span> <span class='ocrx_word' id='word_1_293' title='bbox 425 2223 602 2265; x_wconf 77' lang='lat' dir='ltr'>obsecro</span> <span class='ocrx_word' id='word_1_294' title='bbox 623 2255 633 2271; x_wconf 91' lang='lat'><strong>,</strong></span> <span class='ocrx_word' id='word_1_295' title='bbox 657 2238 707 2264; x_wconf 90' lang='lat' dir='ltr'>ne</span> <span class='ocrx_word' id='word_1_296' title='bbox 727 2223 911 2271; x_wconf 76' lang='lat' dir='ltr'>diffidas,</span> <span class='ocrx_word' id='word_1_297' title='bbox 936 2240 990 2265; x_wconf 85' lang='lat' dir='ltr'>ne</span> <span class='ocrx_word' id='word_1_298' title='bbox 1016 2225 1227 2280; x_wconf 79' lang='lat' dir='ltr'>desperes.</span> <span class='ocrx_word' id='word_1_299' title='bbox 1262 2223 1480 2280; x_wconf 80' lang='lat' dir='ltr'>Deprecor</span> <span class='ocrx_word' id='word_1_300' title='bbox 1500 2231 1559 2271; x_wconf 77' lang='lat' dir='ltr'>le,</span> 
     </span>
     <span class='ocr_line' id='line_1_31' title="bbox 188 2288 1569 2347; baseline -0.001 -13"><span class='ocrx_word' id='word_1_301' title='bbox 188 2307 241 2334; x_wconf 90' lang='lat' dir='ltr'>ne</span> <span class='ocrx_word' id='word_1_302' title='bbox 265 2291 432 2333; x_wconf 80' lang='lat' dir='ltr'>excidas</span> <span class='ocrx_word' id='word_1_303' title='bbox 454 2288 512 2343; x_wconf 83' lang='lat'>(5)</span> <span class='ocrx_word' id='word_1_304' title='bbox 543 2288 594 2329; x_wconf 77' lang='lat' dir='ltr'>ab</span> <span class='ocrx_word' id='word_1_305' title='bbox 618 2289 734 2330; x_wconf 85' lang='lat' dir='ltr'>omni</span> <span class='ocrx_word' id='word_1_306' title='bbox 761 2290 1066 2346; x_wconf 77' lang='lat' dir='ltr'>expectatione.</span> <span class='ocrx_word' id='word_1_307' title='bbox 1095 2290 1231 2347; x_wconf 82' lang='lat' dir='ltr'>Cupio</span> <span class='ocrx_word' id='word_1_308' title='bbox 1255 2297 1393 2332; x_wconf 80' lang='lat' dir='ltr'>auten]</span> <span class='ocrx_word' id='word_1_309' title='bbox 1437 2290 1496 2346; x_wconf 70' lang='grc' dir='ltr'>(Δ.)</span> <span class='ocrx_word' id='word_1_310' title='bbox 1526 2299 1569 2332; x_wconf 84' lang='lat' dir='ltr'>et</span> 
     </span>
     <span class='ocr_line' id='line_1_32' title="bbox 188 2353 1567 2413; baseline -0.003 -13"><span class='ocrx_word' id='word_1_311' title='bbox 188 2357 352 2404; x_wconf 80' lang='lat' dir='ltr'>hortor,</span> <span class='ocrx_word' id='word_1_312' title='bbox 383 2363 427 2396; x_wconf 87' lang='lat' dir='ltr'>ut</span> <span class='ocrx_word' id='word_1_313' title='bbox 446 2354 573 2396; x_wconf 80' lang='lat' dir='ltr'>etiam</span> <span class='ocrx_word' id='word_1_314' title='bbox 596 2353 653 2410; x_wconf 91' lang='lat'>(5)</span> <span class='ocrx_word' id='word_1_315' title='bbox 678 2353 739 2396; x_wconf 86' lang='lat' dir='ltr'>sic</span> <span class='ocrx_word' id='word_1_316' title='bbox 762 2369 812 2397; x_wconf 88' lang='lat' dir='ltr'>ex</span> <span class='ocrx_word' id='word_1_317' title='bbox 834 2354 1079 2398; x_wconf 78' lang='lat' dir='ltr'>infirmitate</span> <span class='ocrx_word' id='word_1_318' title='bbox 1103 2363 1300 2413; x_wconf 79' lang='lat' dir='ltr'>gravatus</span> <span class='ocrx_word' id='word_1_319' title='bbox 1320 2388 1330 2404; x_wconf 91' lang='lat'>‚</span> <span class='ocrx_word' id='word_1_320' title='bbox 1359 2369 1444 2397; x_wconf 90' lang='lat' dir='ltr'>non</span> <span class='ocrx_word' id='word_1_321' title='bbox 1467 2370 1567 2412; x_wconf 87' lang='lat' dir='ltr'>per-</span> 
     </span>
    </p>
   </div>
   <div class='ocr_carea' id='block_1_3' title="bbox 187 2463 1567 2567">
    <p class='ocr_par' dir='ltr' id='par_1_4' title="bbox 187 2463 1567 2567">
     <span class='ocr_line' id='line_1_33' title="bbox 236 2463 1567 2509; baseline -0.004 -9"><span class='ocrx_word' id='word_1_322' title='bbox 236 2469 245 2490; x_wconf 90' lang='lat'>¹</span> <span class='ocrx_word' id='word_1_323' title='bbox 268 2467 385 2500; x_wconf 80' lang='lat' dir='ltr'>Ezech.</span> <span class='ocrx_word' id='word_1_324' title='bbox 411 2479 463 2506; x_wconf 65' lang='grc' dir='ltr'>η,</span> <span class='ocrx_word' id='word_1_325' title='bbox 485 2469 538 2504; x_wconf 84' lang='lat'>31,</span> <span class='ocrx_word' id='word_1_326' title='bbox 565 2472 596 2499; x_wconf 87' lang='lat' dir='ltr'>et</span> <span class='ocrx_word' id='word_1_327' title='bbox 619 2477 772 2509; x_wconf 65' lang='lat' dir='ltr'>seqf1.-—</span> <span class='ocrx_word' id='word_1_328' title='bbox 790 2464 805 2488; x_wconf 82' lang='lat'>2</span> <span class='ocrx_word' id='word_1_329' title='bbox 826 2467 906 2499; x_wconf 77' lang='lat' dir='ltr'>Psai.</span> <span class='ocrx_word' id='word_1_330' title='bbox 933 2468 1141 2506; x_wconf 79' lang='lat' dir='ltr'>xx111‚3.—</span> <span class='ocrx_word' id='word_1_331' title='bbox 1161 2464 1175 2490; x_wconf 81' lang='grc'>3</span> <span class='ocrx_word' id='word_1_332' title='bbox 1200 2464 1284 2499; x_wconf 90' lang='lat' dir='ltr'>Ibid.</span> <span class='ocrx_word' id='word_1_333' title='bbox 1305 2472 1335 2503; x_wconf 75' lang='grc' dir='ltr'>ί..</span> <span class='ocrx_word' id='word_1_334' title='bbox 1356 2483 1394 2490; x_wconf 81' lang='lat'>--</span> <span class='ocrx_word' id='word_1_335' title='bbox 1416 2463 1429 2488; x_wconf 83' lang='lat'><strong>⁴</strong></span> <span class='ocrx_word' id='word_1_336' title='bbox 1449 2464 1567 2498; x_wconf 73' lang='lat' dir='ltr'>Manli.</span> 
     </span>
     <span class='ocr_line' id='line_1_34' title="bbox 187 2522 755 2567; baseline -0.004 -11"><span class='ocrx_word' id='word_1_337' title='bbox 187 2535 269 2564; x_wconf 78' lang='lat' dir='ltr'>xxn,</span> <span class='ocrx_word' id='word_1_338' title='bbox 291 2527 415 2567; x_wconf 80' lang='grc'>37-39,</span> <span class='ocrx_word' id='word_1_339' title='bbox 434 2542 480 2548; x_wconf 94' lang='grc'>-</span> <span class='ocrx_word' id='word_1_340' title='bbox 495 2522 508 2546; x_wconf 81' lang='lat'>⁵</span> <span class='ocrx_word' id='word_1_341' title='bbox 528 2523 629 2558; x_wconf 81' lang='lat' dir='ltr'>Exod.</span> <span class='ocrx_word' id='word_1_342' title='bbox 651 2535 705 2563; x_wconf 79' lang='lat' dir='ltr'>xv,</span> <span class='ocrx_word' id='word_1_343' title='bbox 722 2526 755 2558; x_wconf 87' lang='lat'>5,</span> 
     </span>
    </p>
   </div>
   <div class='ocr_carea' id='block_1_4' title="bbox 188 2603 1559 2711">
    <p class='ocr_par' dir='ltr' id='par_1_5' title="bbox 188 2603 1559 2711">
     <span class='ocr_line' id='line_1_35' title="bbox 237 2603 1559 2652; baseline -0.003 -12"><span class='ocrx_word' id='word_1_344' title='bbox 237 2606 286 2652; x_wconf 77' lang='grc' dir='ltr'>(ι)</span> <span class='ocrx_word' id='word_1_345' title='bbox 305 2607 384 2640; x_wconf 85' lang='lat' dir='ltr'>Cod.</span> <span class='ocrx_word' id='word_1_346' title='bbox 408 2609 508 2638; x_wconf 83' lang='lat' dir='ltr'>Deum</span> <span class='ocrx_word' id='word_1_347' title='bbox 529 2605 675 2648; x_wconf 76' lang='lat' dir='ltr'>diligere.</span> <span class='ocrx_word' id='word_1_348' title='bbox 691 2624 735 2630; x_wconf 93' lang='lat'>—</span> <span class='ocrx_word' id='word_1_349' title='bbox 754 2606 802 2648; x_wconf 82' lang='lat'>(²)</span> <span class='ocrx_word' id='word_1_350' title='bbox 819 2605 869 2640; x_wconf 76' lang='lat' dir='ltr'>ld.</span> <span class='ocrx_word' id='word_1_351' title='bbox 890 2614 922 2637; x_wconf 83' lang='lat' dir='ltr'>ec</span> <span class='ocrx_word' id='word_1_352' title='bbox 942 2606 1032 2648; x_wconf 80' lang='lat' dir='ltr'>quid,</span> <span class='ocrx_word' id='word_1_353' title='bbox 1059 2623 1106 2630; x_wconf 91' lang='lat'>——</span> <span class='ocrx_word' id='word_1_354' title='bbox 1137 2605 1185 2650; x_wconf 49' lang='grc' dir='ltr'>(ἶ)</span> <span class='ocrx_word' id='word_1_355' title='bbox 1212 2605 1264 2642; x_wconf 80' lang='lat' dir='ltr'>ld,</span> <span class='ocrx_word' id='word_1_356' title='bbox 1291 2603 1437 2644; x_wconf 76' lang='lat' dir='ltr'>confidas</span> <span class='ocrx_word' id='word_1_357' title='bbox 1454 2613 1496 2639; x_wconf 78' lang='lat' dir='ltr'>te.</span> <span class='ocrx_word' id='word_1_358' title='bbox 1513 2622 1559 2631; x_wconf 90' lang='lat'>—</span> 
     </span>
     <span class='ocr_line' id='line_1_36' title="bbox 188 2662 1122 2711; baseline -0.003 -14"><span class='ocrx_word' id='word_1_359' title='bbox 188 2663 238 2711; x_wconf 77' lang='grc'>(4)</span> <span class='ocrx_word' id='word_1_360' title='bbox 258 2663 306 2698; x_wconf 90' lang='lat' dir='ltr'>1d.</span> <span class='ocrx_word' id='word_1_361' title='bbox 325 2672 445 2696; x_wconf 80' lang='lat' dir='ltr'>tamen.</span> <span class='ocrx_word' id='word_1_362' title='bbox 467 2682 508 2689; x_wconf 86' lang='lat'><em>-</em></span> <span class='ocrx_word' id='word_1_363' title='bbox 525 2662 573 2707; x_wconf 56' lang='grc'>[5)</span> <span class='ocrx_word' id='word_1_364' title='bbox 593 2662 642 2698; x_wconf 85' lang='lat' dir='ltr'>ld.</span> <span class='ocrx_word' id='word_1_365' title='bbox 658 2663 744 2703; x_wconf 84' lang='lat' dir='ltr'><em>dum,</em></span> <span class='ocrx_word' id='word_1_366' title='bbox 765 2668 796 2696; x_wconf 77' lang='lat' dir='ltr'>et</span> <span class='ocrx_word' id='word_1_367' title='bbox 810 2662 924 2695; x_wconf 82' lang='lat' dir='ltr'>deinde</span> <span class='ocrx_word' id='word_1_368' title='bbox 942 2663 975 2694; x_wconf 81' lang='lat' dir='ltr'>in</span> <span class='ocrx_word' id='word_1_369' title='bbox 991 2674 1048 2708; x_wconf 82' lang='lat' dir='ltr'>pro</span> <span class='ocrx_word' id='word_1_370' title='bbox 1066 2674 1122 2699; x_wconf 70' lang='lat' dir='ltr'>ecc.</span> 
     </span>
    </p>
   </div>
  </div>
 </body>
</html>
