1885 3284
342 332 436 378 316
602 351 636 379 S.
683 349 926 381 AUGUSTIM
963 352 1165 382 EPISCOPI
1206 351 1442 381 APPENDIX.

341 414 522 458 feceram
541 449 550 463 ‚
580 419 693 473 quod
717 420 836 460 valde
853 419 1021 462 difficile
1044 430 1133 462 erat
1154 428 1326 477 propter
1348 420 1641 461 vehementem
1661 427 1721 459 tu-

341 483 521 522 multum
547 483 883 540 quibuscumque
909 485 1022 526 horis
1057 485 1235 527 dierum.
1264 485 1314 526 Et
1339 499 1439 526 ecce
1472 483 1637 525 dimissa
1661 498 1722 524 so-

340 546 544 594 titudine,
575 563 658 589 non
688 558 828 591 tau'ieu
857 559 997 590 moute
1020 552 1094 591 sed
1117 565 1318 607 corpore,
1356 551 1596 591 sacerdotes
1625 547 1720 588 facti

342 627 509 659 sumus,
532 614 725 655 collocati
753 615 791 655 in
817 617 1037 656 coenaculo
1060 631 1230 665 sumus,
1259 615 1379 671 positi
1413 615 1452 655 in
1485 623 1630 654 moute
1654 628 1720 654 su-

341 691 433 717 mus
451 711 460 724 ,
486 679 581 734 quia
602 679 723 735 positi
748 680 940 720 sumusin
957 680 1058 721 tauti
1077 680 1235 721 ordinis
1253 680 1526 727 sublimitate,
1546 688 1590 719 ut
1607 677 1719 734 gregi

340 743 643 800 Dominiquasi
667 747 953 802 speculatores
972 745 1269 801 provideamus
1294 754 1440 786 contra
1456 753 1641 785 versutas
1656 745 1714 798 (1)

338 807 469 849 hostis
500 811 629 851 nostri
666 811 930 852 calliditates
964 811 1046 853 Nos
1084 811 1124 851 iu
1154 812 1377 852 coenaculo
1403 811 1511 851 sedis
1534 809 1609 850 Dei
1652 823 1717 849 se—

339 873 509 923 demus,
535 876 630 932 quia
658 876 845 931 judices,
880 884 920 917 et
946 886 1131 930 pastores
1153 908 1162 923 ‚
1193 885 1234 918 et
1258 876 1445 931 magistri
1467 876 1507 916 in
1532 873 1717 915 Ecclesia

334 937 412 979 Dei
431 955 596 988 sumus,
625 951 665 982 et
695 941 913 995 subjectos
937 942 1057 982 uobis
1083 943 1235 982 docere
1275 942 1490 982 debemus.
1528 940 1610 980 Sed
1647 939 1714 995 qui

337 1003 486 1052 docet,
513 1007 638 1047 debet
657 1022 748 1048 eam
769 1008 1009 1055 scientiam,
1030 1022 1156 1063 quam
1171 1008 1310 1055 docet,
1332 1007 1467 1063 primo
1490 1005 1716 1052 habere‚et

333 1079 478 1126 postea
494 1075 695 1114 audacter
718 1076 885 1114 (locere.

394 1135 462 1176 IV.
501 1138 537 1179 Ο
552 1154 674 1193 quam
692 1153 851 1194 magnae
867 1138 1112 1179 temeritatis
1123 1145 1185 1180 est.
1203 1138 1446 1179 cathedram
1468 1137 1712 1184 ascendere,

334 1199 365 1239 si
392 1215 473 1242 nou
498 1202 626 1244 habet
649 1204 832 1244 scientim
861 1205 1017 1244 donum
1036 1204 1044 1244 l
1065 1220 1087 1243 0
1102 1219 1226 1258 quau}
1245 1219 1283 1260 ρ(
1302 1203 1530 1243 riculosuu]
1550 1201 1715 1243 estsine

332 1265 414 1305 vita
440 1277 583 1309 sancta
605 1270 711 1309 velle
736 1269 965 1310 dominari!
986 1283 1146 1325 oquam
1171 1284 1295 1325 grave
1308 1268 1486 1309 estvclle
1504 1267 1715 1323 corrigere

331 1329 363 1370 si
396 1330 434 1370 iu
458 1332 614 1374 eistlem
641 1334 1309 1390 peccatispastorextiterit1Nou
1336 1333 1492 1374 debent
1516 1332 1555 1373 in
1578 1347 1714 1373 coena-

331 1396 427 1435 culo
452 1411 548 1437 cum
572 1397 784 1454 Apostolis
805 1401 969 1445 sedere,
995 1399 1065 1453 qui
1089 1414 1171 1439 nou
1189 1397 1711 1453 uieruvruutsanctoSpi—

329 1459 412 1501 ritu
431 1476 526 1502 cum
546 1463 758 1519 Apostolis
777 1464 948 1520 fulgere.
969 1463 1110 1514 Quare
1130 1479 1211 1504 nou
1236 1472 1496 1509 meruerunt,
1522 1463 1596 1502 nisi
1617 1463 1711 1518 quia

328 1526 569 1568 noluerunt.
596 1528 742 1568 Verum
767 1529 1006 1584 czztelz'te(2)‚
1029 1527 1206 1569 fratres?
1231 1529 1397 1567 let'cee‘
1423 1527 1516 1567 sacti
1540 1542 1708 1574 sumus,

325 1588 434 1645 juste
457 1591 647 1645 judicare
666 1609 818 1632 causas
842 1593 1072 1640 debemus;
1095 1593 1280 1632 (loc-tores
1299 1593 1577 1642 sicclzfsnmus,
1603 1593 1708 1633 vori-

326 1662 454 1695 tatem
494 1657 648 1697 docere
678 1660 948 1705 studeamus;
982 1666 1121 1714 patres
1143 1666 1184 1697 et
1208 1658 1515 1714 pastores'fizetc'
1545 1673 1706 1704 snmus,

325 1719 538 1774 subjectos
565 1729 730 1762 nostros
756 1722 941 1770 nutrire,
970 1731 1012 1763 et
1036 1737 1231 1778 pascere,
1258 1731 1299 1762 et
1323 1730 1367 1762 ut
1387 1723 1586 1778 pupillam
1611 1736 1710 1761 ocu—

324 1784 459 1825 lorum
484 1787 699 1827 custodire
727 1787 947 1828 debemus.
988 1788 1077 1829 Non
1105 1802 1332 1843 pauperem
1360 1801 1559 1844 spernere
1581 1786 1708 1827 debe-

322 1865 436 1898 mus,
464 1866 547 1892 non
573 1852 744 1893 divitem
765 1855 827 1894 vel
847 1862 1062 1909 potentem
1089 1853 1186 1893 odio
1207 1855 1269 1894 vel
1288 1868 1430 1894 amore
1447 1861 1604 1894 tenere.
1624 1852 1706 1903 Qui

323 1931 423 1972 ergo
449 1917 488 1957 iu
508 1921 728 1959 coenacuto
754 1919 900 1959 sedere
918 1919 1089 1974 quaerit,
1115 1928 1156 1958 et
1177 1919 1311 1974 ignem
1336 1927 1377 1959 et
1401 1919 1604 1958 servorem
1637 1932 1706 1958 au·

323 1982 451 2023 daciae
475 1983 675 2039 suscipiat
701 1993 847 2024 contra
877 1984 1057 2025 rebelles
1078 2016 1088 2031 ,
1122 1984 1363 2024 obediendo
1389 1983 1444 2023 illi
1468 1983 1538 2038 qui
1566 1983 1668 2023 dicit
1693 1997 1702 2023 :

331 2048 496 2090 «Nolite
522 2050 669 2091 timere
694 2066 781 2097 eos,
805 2051 874 2106 qui
898 2051 1099 2092 occidunt
1123 2064 1275 2107 corpus
1291 2050 1320 2090 ¹.
1341 2068 1355 2088 n
1371 2048 1438 2090 Sic
1454 2050 1531 2090 isto
1544 2049 1705 2090 fervore

321 2115 504 2170 repletus
528 2123 618 2156 erat
637 2124 807 2156 sanctus
826 2115 1013 2171 Moyses,
1043 2115 1137 2170 qui,
1163 2130 1258 2156 cum
1274 2123 1511 2155 moraretur
1532 2129 1605 2170 per
1618 2114 1703 2155 dies

319 2180 474 2220 multos
499 2180 539 2220 iu
563 2190 707 2221 monte
726 2215 734 2229 ,
753 2182 949 2222 mandata
972 2181 1091 2237 Legis
1115 2181 1362 2235 accipiendo
1383 2213 1392 2228 ‚
1422 2180 1610 2236 peccavit
1631 2194 1702 2235 po—

318 2246 462 2300 pulus,
492 2254 532 2286 et
555 2246 734 2287 vitulum
764 2246 1003 2288 fabricavit²
1030 2245 1276 2287 etadoravit
1303 2261 1398 2286 eum
1419 2246 1600 2302 populus
1619 2245 1696 2301 (5)

318 2309 547 2352 Descendit
580 2314 742 2368 Moyses
763 2313 813 2352 de
835 2321 999 2358 monte,
1025 2322 1071 2352 ut
1092 2312 1128 2351 ei
1155 2311 1358 2352 Dominus
1374 2319 1645 2367 praecepcrat,
1661 2318 1700 2350 et

318 2375 523 2417 destruxit
544 2392 675 2433 usque
708 2378 758 2418 ad
781 2379 998 2434 pulveres,
1026 2392 1128 2434 quos
1157 2378 1348 2434 pulveres
1373 2376 1548 2433 sparsit,
1573 2385 1614 2417 et
1633 2376 1702 2417 de-

364 2486 497 2519 ¹Matth
531 2498 565 2528 x,
583 2488 636 2520 28.
650 2505 695 2512 —
713 2486 728 2509 2
742 2487 841 2518 Exod.
859 2499 962 2529 xxxxi,
987 2499 1016 2524 1,
1034 2493 1065 2518 et
1083 2498 1173 2530 seqq.

359 2574 411 2621 (1)
429 2575 510 2609 Cod.
530 2578 739 2607 vcrs11tc'a.—
760 2574 812 2622 (α)
832 2578 882 2611 ld.
903 2578 1029 2608 audire.
1047 2579 1128 2618 Quae
1149 2577 1263 2609 italicis
1280 2577 1532 2619 distinguuntur,
1550 2574 1601 2607 vel
1618 2586 1696 2619 par-

312 2632 368 2662 tim
384 2654 393 2670 ‚
419 2631 466 2662 vel
495 2631 640 2663 totaliter
662 2639 819 2665 vetustate
836 2639 910 2665 sunt
928 2634 1044 2665 deleta.
1066 2650 1110 2657 —
1136 2634 1186 2674 (3)
1205 2635 1277 2664 Vox
1292 2634 1430 2674 populus
1451 2633 1574 2664 videtur
1587 2631 1695 2663 abuu-

312 2686 400 2720 dare.
