1868 3301
370 323 461 370 330
627 341 663 371 5.
706 343 951 379 ᾼυρυεείῚΜ
988 345 1191 375 eviscovi
1233 346 1467 379 APPEme.

429 406 501 447 IX.
541 407 653 457 Quid
677 408 854 464 amplius
880 408 962 465 agit
988 410 1208 459 columba,
1235 414 1311 455 nisi
1337 417 1451 470 quod
1483 415 1638 458 alienos
1657 419 1747 473 pul-

368 471 429 511 los
455 471 618 518 nutrit?
638 472 780 520 Estote
805 473 930 528 igitur
950 473 1244 519 misericordes
1265 511 1274 524 ,
1313 480 1472 535 pascite
1506 496 1711 538 pauperes
1734 515 1743 528 ,

369 538 596 579 exerceatis
619 553 744 595 opera
780 539 1106 587 misericordiae,
1132 541 1232 583 dum
1256 551 1422 600 tempus
1450 545 1636 594 habetis;
1664 547 1743 590 soe-

368 612 540 652 nei-atur
561 604 673 645 enim
700 605 879 653 Domino
902 605 974 660 qui
993 608 1165 662 pauperi
1189 609 1350 652 tribuit.

426 667 481 709 X.
521 669 634 719 Quid
656 670 834 726 amplius
868 671 1064 712 columba
1084 705 1093 719 ‚
1122 673 1198 714 nisi
1223 676 1336 729 quod
1359 675 1474 730 juxta
1498 677 1654 719 fluenta
1677 678 1748 721 ha-

367 733 474 783 bitat
493 733 510 775 Ξ)
532 736 568 777 Ο
588 736 847 784 admirabilis
870 736 1001 779 virtus
1022 738 1232 783 columbae
1248 741 1257 781 1
1273 739 1492 789 Videmus,
1513 752 1618 785 utet
1642 744 1743 800 ipsa,

367 799 584 847 inimicum
606 816 681 858 per
705 805 842 842 a'e'rem
863 803 1072 849 volantem
1093 836 1102 850 ‚
1127 814 1385 860 quaerentem
1403 822 1528 863 quem
1551 810 1743 858 devoret,

368 881 445 908 nec
464 866 664 912 internos
694 867 884 908 habitare
911 869 1188 923 permittitur,
1214 871 1291 912 nisi
1310 874 1409 914 dum
1431 875 1644 921 volumus:
1671 890 1746 917 nec

366 940 507 980 tamen
528 948 546 974 a
566 932 687 979 nobis
709 933 889 980 multum
920 943 1107 978 remotus
1132 944 1207 981 est.
1233 935 1275 978 Si
1296 937 1407 979 enim
1428 939 1650 982 nobiscum
1678 941 1749 985 ha.-

367 997 541 1041 bitasset
559 1030 569 1044 ‚
598 1012 766 1054 semper
789 999 853 1039 vel
879 1013 1005 1054 super
1031 1015 1107 1046 nos
1125 1001 1360 1045 dominium
1386 1003 1615 1046 habuisset.
1643 1005 1749 1056 Quis

368 1068 451 1104 tam
478 1063 622 1110 sortis,
646 1063 738 1118 quis
757 1071 840 1105 tam
865 1063 953 1104 Deo
986 1062 1200 1112 firmatus,
1224 1067 1316 1121 quis
1344 1076 1467 1110 tantae
1503 1070 1748 1116 constantiae

368 1130 533 1173 dotatus
557 1130 726 1177 suisset,
751 1129 821 1185 qui
843 1130 918 1186 ipsi
942 1131 1000 1185 μ)
1026 1132 1221 1173 resistere
1237 1134 1472 1189 potuisset?
1497 1135 1584 1177 Nec
1608 1144 1748 1177 tamen

369 1196 496 1237 debet
519 1196 667 1251 aliquis
691 1210 865 1242 securus
890 1211 1008 1248 esse,
1036 1197 1135 1239 dum
1168 1197 1341 1245 vixerit,
1368 1214 1445 1241 nec
1485 1201 1536 1241 de
1558 1201 1749 1242 castitate

367 1262 573 1317 prtum-ita
593 1261 825 1307 confidere,
840 1261 936 1317 quia
955 1262 1032 1318 ipsi
1056 1271 1247 1319 potentes
1266 1263 1324 1318 (2)
1344 1266 1749 1309 sanctissimosviros

366 1341 474 1383 saepe
501 1328 788 1383 perduxerunt
811 1328 862 1368 ad
885 1327 1073 1370 Tartara.
1100 1328 1279 1385 vigilant
1297 1330 1409 1371 enim
1434 1346 1511 1373 nce
1534 1332 1751 1387 quiescere

369 1394 535 1440 valent;
562 1393 688 1435 modo
712 1393 1009 1449 persequendo
1025 1425 1035 1440 ‚
1056 1395 1182 1434 modo
1199 1394 1436 1439 occidendo
1452 1427 1461 1442 ,
1483 1397 1608 1437 modo
1631 1397 1751 1442 blan-

368 1458 549 1506 diendo,
588 1459 716 1499 modo
747 1459 950 1499 minando
977 1458 1221 1504 devincunt.
1252 1460 1615 1517 Quotiescumque
1634 1495 1644 1510 ‚
1669 1462 1751 1507 sra-

370 1533 453 1564 tres
479 1523 586 1570 mci,
613 1523 820 1564 sentimus
841 1523 933 1578 ejus
956 1524 1141 1564 calidam
1158 1526 1432 1569 tentationem
1448 1526 1682 1583 ,fugiamus
1701 1528 1752 1568 ad

367 1588 522 1635 Christi
546 1588 794 1644 passionem.
825 1588 937 1629 Ecce
955 1590 1125 1644 quando
1143 1589 1271 1641 dicit,
1292 1590 1451 1632 Exerce
1474 1593 1746 1639 adulterium,

367 1655 458 1709 lege
471 1652 858 1708 moxScripturam,
876 1668 969 1709 quae
983 1655 1062 1696 ait:
1079 1654 1193 1696 «Non
1210 1656 1554 1702 moecbaberis¹.»
1570 1657 1751 1708 Quando

369 1720 495 1769 dicit,
523 1720 699 1761 Furtum
719 1733 916 1760 exerceas
931 1752 940 1765 ‚
966 1721 1055 1776 lege
1075 1720 1336 1775 Scripturam
1361 1723 1572 1769 dicentem
1594 1738 1637 1763 :a
1658 1724 1750 1766 Non

360 1806 382 1823 αι
398 1785 556 1832 furtum
582 1784 745 1826 facies&
775 1802 789 1821 ³³
810 1785 991 1834 ‚Quando
1018 1785 1140 1832 dicit,
1166 1786 1324 1827 Exerce
1347 1787 1532 1828 furorem
1557 1788 1598 1834 in
1615 1790 1751 1845 proxi-

369 1867 513 1899 mum,
540 1852 631 1906 lege
658 1850 924 1905 Scripturam
959 1851 1220 1899 minantem,
1257 1861 1299 1893 et
1332 1852 1546 1894 dicentem
1587 1869 1595 1894 :
1626 1873 1638 1891 α
1669 1854 1751 1905 Qui

371 1918 596 1963 »irascitur
614 1916 729 1963 fratri
767 1931 866 1964 suo,
903 1932 998 1959 reus
1027 1918 1106 1958 erit
1129 1917 1329 1972 judicio³.
1357 1937 1372 1957 υ
1411 1919 1591 1970 Quando
1616 1920 1718 1961 dicit
1740 1954 1748 1965 ,

372 1984 458 2025 Cur
480 1982 647 2029 mentiri
673 1982 883 2038 pavescis,
909 1983 999 2039 lege
1024 1981 1286 2039 Scripturam
1306 1984 1518 2026 dicentem
1540 1999 1582 2024 z«
1599 1985 1752 2027 Perdes

373 2064 549 2091 „omnes
580 2048 649 2105 qui
686 2049 921 2104 loquuntur
947 2049 1261 2091 mendacium&
1288 2069 1302 2087 v
1350 2051 1471 2092 Juxta
1509 2050 1752 2106 hujusmodi

372 2115 527 2157 fluenta
543 2147 553 2162 ‚
579 2114 693 2158 velut
709 2114 925 2162 columba,
941 2114 1086 2155 sedere
1112 2115 1315 2156 debemus
1332 2147 1342 2163 ,
1371 2124 1415 2157 ut
1437 2116 1537 2157 dum
1558 2116 1752 2158 inimicus

371 2181 620 2227 advenerit,
645 2194 743 2221 eum
768 2195 966 2237 superare
984 2181 1210 2228 valeamus.

431 2246 506 2289 XI.
548 2245 663 2296 Quid
685 2245 795 2287 enim
822 2245 1000 2301 amplius
1024 2246 1221 2287 columba
1247 2249 1355 2301 agit,
1387 2245 1464 2288 nisi
1488 2247 1602 2303 quod
1624 2246 1751 2303 gemi-

375 2322 463 2354 tum
486 2311 613 2354 habet
634 2325 710 2366 pro
732 2319 860 2353 cantu
875 2310 892 2350 Ξ)
909 2311 973 2353 Tu
991 2325 1090 2352 vero
1119 2319 1319 2367 peccator
1342 2320 1457 2353 verte
1478 2312 1518 2353 in
1542 2313 1751 2368 lacrymas

353 2387 494 2422 vtuum
516 2376 716 2433 gaudium
731 2409 741 2423 ,
767 2377 861 2431 quia
884 2377 1029 2419 «Beati
1055 2377 1124 2432 qui
1144 2376 1251 2419 fletis
1270 2409 1280 2425 ,
1303 2376 1400 2432 quia
1420 2377 1610 2419 ridebitis
1624 2377 1655 2418 ⁵.
1674 2395 1687 2414 n
1701 2376 1754 2418 Et

373 2443 527 2488 iterum
557 2457 602 2483 :a
622 2440 694 2483 Vae
719 2441 836 2484 vobis
859 2442 931 2498 qui
967 2442 1111 2484 ridetis
1127 2475 1137 2490 ‚
1178 2443 1274 2499 quia
1295 2441 1494 2490 ssebitis⁶.
1523 2461 1537 2481 u
1566 2441 1603 2485 Ο
1625 2457 1753 2499 quam

423 2547 432 2569 ¹
450 2546 553 2578 Exod.
576 2556 630 2583 xx,
659 2556 710 2581 ι...
731 2562 772 2569 -
799 2544 919 2580 '²1bid.
935 2564 981 2570 —
1002 2543 1020 2568 3
1038 2546 1155 2578 Matth.
1179 2557 1208 2585 v,
1229 2558 1341 2578 22.—
1355 2542 1370 2567 4
1388 2546 1468 2580 Psal.
1486 2557 1518 2587 v,
1543 2558 1573 2585 7.
1593 2564 1632 2569 —-
1649 2542 1663 2566 ⁵
1678 2547 1751 2577 Luc.

375 2617 419 2642 vt,
440 2615 495 2635 απ.
510 2619 556 2626 —
571 2600 585 2622 ⁶
603 2600 687 2632 [bid.
707 2604 761 2634 25.

416 2683 468 2730 (ι)
482 2684 560 2716 Cod.
584 2683 655 2715 ubi.
675 2701 716 2705 —-
750 2694 781 2717 α,
801 2687 896 2717 Forte
914 2686 1089 2716 daemones.
