1868 3301
391 342 484 398 448
648 358 686 386 s.
726 352 973 385 mensum
1007 350 1212 381 nmscori
1250 350 1487 382 Arrnnmx.

394 421 483 464 Deo
504 422 631 464 servit
653 453 664 469 ‚
689 421 789 462 dum
809 417 927 464 filiis,
952 417 1070 458 uxori
1090 449 1099 466 ‚
1132 416 1209 458 sibi
1230 424 1271 458 et
1293 416 1460 458 famulis
1480 416 1668 472 legitime
1700 430 1764 457 ac·

395 486 522 544 quirit
553 487 666 528 unde
690 485 829 527 vivant
850 483 932 538 (1),
973 491 1016 523 et
1043 482 1156 522 unde
1198 481 1325 523 etiam
1367 496 1572 538 pauperes
1608 479 1764 523 Christi

395 560 634 609 pascantur.
659 549 788 607 Lippa
814 557 952 589 tamen
979 546 1136 588 dicitur
1156 544 1227 588 Lia
1245 579 1254 595 ‚
1279 546 1373 602 quia
1397 547 1599 602 quamdiu
1622 560 1766 588 snmus

397 618 440 659 in
463 618 617 659 saeculo
632 650 641 665 ,
666 616 778 658 clare
798 611 1086 655 Deumvidcre
1103 627 1186 653 non
1210 627 1454 668 possumus;
1479 621 1676 653 ettamen
1697 611 1768 652 soe-

396 682 536 724 cunda
557 690 641 735 est,
662 680 758 737 quin
784 680 926 734 plures
947 676 1097 725 activi,
1123 678 1196 718 sed
1218 677 1338 733 pauci
1358 677 1674 734 contemplativi
1698 691 1767 717 re-

395 746 616 804 periuntur
634 747 675 787 in
696 744 864 786 saeculo.
880 742 1039 785 Rachel
1056 750 1198 784 autem
1216 741 1545 791 diciturVidens,
1558 741 1654 798 quia
1670 755 1767 782 con-

396 811 629 868 templativi
650 819 692 852 et
723 808 957 865 simplices,
983 807 1231 849 innocentes
1252 816 1351 848 sunt
1382 808 1497 849 velut
1524 821 1641 855 oves,
1674 815 1716 847 et
1749 821 1771 847 a

398 878 583 919 tumultu
608 875 747 917 saeeuli
766 882 864 916 sunt
885 873 1093 930 separati,
1117 881 1164 914 ιιι
1187 873 1226 914 in
1250 872 1476 914 solitudine
1507 872 1777 928 contempla-

399 942 502 985 tioni
528 950 721 983 vacantes
740 939 908 981 videant
933 938 1088 980 elarius
1120 938 1235 980 illum
1259 938 1328 994 qui
1353 939 1406 980 ait
1442 954 1485 980 :«
1502 937 1588 994 Ego
1612 936 1775 994 princi-

397 1028 411 1048 »
427 1008 541 1066 pium
557 1007 841 1063 quietloquor
857 1003 1014 1046 vobis¹.
1034 1005 1182 1045 »Unde
1201 1018 1283 1045 non
1305 1004 1430 1060 lippa,
1444 1004 1517 1045 sed
1536 1003 1715 1044 soi-mosa
1734 1009 1776 1043 et

399 1077 511 1117 clare
528 1073 674 1115 videns
698 1071 878 1116 dicitur.
899 1070 996 1126 quia
1021 1071 1125 1112 duos
1151 1068 1258 1112 filios
1280 1070 1431 1118 habet,
1457 1069 1552 1125 quia
1570 1069 1654 1110 duo
1677 1075 1775 1109 sunt

397 1153 549 1196 genera
587 1135 1034 1193 contemplativorum.
1074 1135 1218 1191 Aliqui
1259 1149 1358 1176 vero
1402 1142 1707 1176 conversantur
1733 1132 1775 1173 in

395 1202 639 1250 communi,
673 1209 719 1243 ut
751 1200 886 1242 sancti
912 1200 1101 1257 Apostoli
1133 1209 1175 1242 et
1205 1199 1530 1256 praedicalore53
1557 1198 1684 1254 aliqui
1709 1212 1773 1239 se-

396 1268 553 1327 gregati
577 1282 598 1308 a
630 1267 826 1324 genlibus
848 1299 857 1314 ,
891 1265 999 1307 sicut
1023 1274 1117 1306 sunt
1152 1266 1301 1306 fratres
1323 1266 1418 1307 mei,
1450 1266 1566 1306 [nde
1590 1264 1773 1304 duorum

396 1348 504 1374 unus
524 1340 700 1373 vocatur
721 1330 874 1388 Joseph
891 1363 900 1378 ‚
929 1331 1034 1372 aiter
1055 1329 1239 1371 filiorum
1263 1328 1689 1385 vocalurBenjamin.
1704 1327 1775 1370 Jo-

394 1397 497 1455 seph
529 1397 640 1439 enim
679 1397 969 1453 Augmcntuin
996 1396 1152 1438 dicitur
1179 1396 1490 1443 mullitudini53
1516 1396 1587 1436 scd
1614 1393 1772 1450 Beuja-

395 1464 502 1510 min,
522 1462 652 1504 Filius
672 1462 869 1507 dexterae.
883 1462 1018 1502 solum
1037 1460 1125 1502 Deo
1138 1461 1347 1502 viventem
1365 1469 1407 1502 et
1426 1459 1658 1502 solitarium
1679 1459 1773 1500 dex-

394 1538 492 1571 terae
518 1536 680 1570 [aulum
704 1527 780 1569 Dei
798 1527 1027 1568 baerentem
1055 1526 1136 1581 (2),
1161 1542 1242 1568 non
1262 1542 1409 1568 omnes
1427 1525 1648 1583 significat.
1673 1523 1771 1582 Sep-

394 1603 478 1636 tem
501 1593 598 1635 anni
615 1627 624 1641 ‚
655 1594 799 1640 vitam,
821 1608 914 1648 quae
941 1600 1101 1648 sepiem
1125 1592 1273 1634 diebus
1297 1591 1478 1633 volvitur
1499 1590 1735 1648 significant
1756 1624 1766 1640 ,

395 1659 435 1700 in
459 1673 540 1713 qua
577 1658 706 1699 homo
730 1657 912 1713 acquirit
937 1657 1064 1698 vitam
1089 1658 1266 1698 activam
1291 1659 1355 1698 vel
1379 1656 1766 1712 contemplativam.

450 1722 500 1764 II.
529 1722 610 1764 Sed
631 1722 792 1763 beatior
809 1728 1010 1777 estatque
1032 1722 1260 1778 perfectior
1273 1721 1616 1778 contemplativa,
1643 1734 1768 1777 quam

391 1786 522 1829 activa
544 1819 554 1834 ‚
590 1786 758 1828 dicente
791 1785 1005 1828 Domino:
1033 1784 1104 1826 «Si
1135 1786 1195 1827 vis
1229 1785 1440 1842 perfectus
1477 1801 1591 1835 esse,
1637 1786 1769 1827 vende

390 1851 560 1893 »omnia
583 1850 614 1893 ².
658 1851 778 1892 llanc
811 1859 974 1907 partem
1008 1851 1133 1907 elegit
1162 1851 1288 1893 Maria
1314 1866 1405 1907 quse
1430 1866 1514 1893 non
1558 1851 1769 1893 auferetur

390 1916 469 1958 »ab
491 1914 607 1958 ea³.»
640 1915 788 1957 Activa
823 1930 919 1957 vero
945 1916 1135 1971 quotidie
1165 1915 1380 1966 {insertum
1408 1918 1478 1958 sed
1502 1916 1766 1972 contempla-

389 1981 469 2024 tiva
488 1995 655 2038 semper
672 1989 936 2037 perseveram
966 1981 1097 2022 activa
1119 1996 1288 2038 semper
1308 1982 1347 2023 in
1371 1982 1566 2038 praeseuli
1590 1990 1674 2030 est,
1693 1981 1768 2023 sed

387 2046 714 2103 contemplativa
735 2046 882 2102 incipit
907 2045 947 2086 in
971 2046 1165 2102 praesenti
1198 2055 1239 2088 et
1268 2045 1489 2102 perficitur
1521 2047 1561 2087 in
1595 2045 1733 2087 sutura
1753 2079 1763 2094 ,

385 2111 485 2168 quia
507 2111 564 2152 ibi
582 2111 815 2152 videbimus
834 2111 970 2152 Deum
991 2111 1097 2152 facie
1114 2111 1367 2159 adfaciem&
1385 2110 1620 2163 sicutiest⁵,
1639 2125 1765 2166 quem

386 2176 455 2218 hic
478 2191 553 2233 per
574 2177 795 2233 speculum
811 2174 824 2195 ‘⁵
855 2176 1187 2218 consideramus.
1211 2177 1289 2218 Hie
1314 2177 1438 2218 eliam
1454 2210 1463 2225 ,
1491 2177 1637 2218 fratres
1662 2208 1670 2221 ,
1697 2175 1766 2217 ali-

385 2241 457 2297 qui
476 2241 597 2283 activi
617 2256 779 2288 sumus,
799 2242 894 2297 quia
914 2256 1042 2298 opcre
1066 2242 1368 2283 misericordiae
1395 2241 1584 2298 impediti
1601 2255 1760 2290 sumus,

385 2306 651 2348 intendentes
664 2305 877 2363 quomodo
896 2321 1115 2363 pauperes,
1129 2308 1324 2348 utnullus
1336 2307 1506 2353 esuriat,
1526 2320 1761 2362 pascamus,

386 2372 602 2427 quomode
626 2382 771 2429 potum
797 2373 1031 2414 tribuamus
1049 2405 1059 2421 ,
1084 2374 1280 2415 ulnullus
1303 2373 1435 2420 sitiam
1458 2372 1670 2428 quomodo
1689 2386 1763 2413 nu·

386 2436 487 2478 dum
525 2436 773 2491 induamus,
798 2447 843 2480 ut
875 2438 1014 2480 nullus
1051 2438 1270 2496 frigescam
1308 2439 1520 2494 quomodo
1545 2445 1759 2479 mortuum

433 2558 441 2578 ¹
459 2558 556 2590 Joau.
575 2568 647 2598 ¹:111,
671 2558 727 2590 25.
752 2575 792 2581 —-·
811 2555 827 2578 ²
845 2557 964 2590 Maith.
993 2569 1062 2596 xxx,
1079 2570 1136 2592 αι.
1156 2578 1195 2583 --
1212 2557 1226 2581 3
1242 2562 1316 2591 Luc.
1342 2570 1372 2596 x,
1390 2566 1446 2595 42.
1472 2577 1509 2583 --
1532 2556 1675 2591 ⁴1Cor.
1690 2568 1759 2599 xiii,

385 2624 438 2643 12.
453 2629 497 2636 —
512 2610 525 2633 5
544 2624 554 2643 ι
574 2614 735 2650 Joan.1u‚
754 2623 838 2644 2.—
857 2610 871 2633 ⁶
894 2625 905 2644 1
931 2616 1004 2646 cor.
1024 2625 1097 2651 xm,
1123 2627 1173 2649 ια.

425 2694 476 2739 (1)
498 2694 578 2728 eod,
597 2695 696 2726 νιίἀτ,
711 2714 752 2720 -
772 2693 823 2741 (2)
844 2696 887 2727 ld.
908 2697 1090 2732 habentem.
