1885 3284
254 304 344 353 230
520 320 553 349 s.
598 317 844 349 Auensrmi
881 316 1086 348 Episcopi
1124 315 1360 349 APPEme.

254 387 358 429 aei-is
376 394 567 429 naturam
592 386 842 432 mundaret,
870 394 910 425 et
931 394 1082 426 terram
1102 384 1226 427 etiam
1256 393 1422 426 sanaret
1439 399 1514 426 suo
1532 398 1628 428 san·-

252 454 377 511 guine
397 452 623 508 irrigatam.
649 450 737 492 Non
765 466 863 506 ergo
885 459 1045 491 tantum
1067 451 1308 492 hominihus
1322 451 1474 493 Christi
1494 451 1629 508 passio

253 518 431 576 profuit,
455 517 527 558 sed
551 524 592 557 et
614 516 821 556 elementa
846 514 1086 570 purificavit.
1115 525 1331 572 patentem
1365 525 1406 557 et
1440 517 1498 559 sic
1534 516 1625 572 (1),

252 584 422 625 Christo
448 582 717 629 adveniente,
744 582 881 622 onmia
919 590 1167 637 purgantur,
1195 582 1334 623 omnia
1358 583 1449 624 loca
1474 582 1630 624 oratio-

253 648 315 690 nis
337 656 378 689 et
397 645 591 688 sacrificii
615 647 885 702 deputantur.
908 646 1035 688 «volo
1053 679 1061 693 ,
1082 647 1217 703 inquit
1236 647 1460 702 Apostolus
1476 680 1486 696 ‚
1511 662 1632 689 orare

253 714 390 756 »viros
416 713 456 753 iu
492 711 605 752 omni
639 713 730 752 loco
763 711 948 753 levantes
981 726 1129 752 munus
1163 713 1294 752 suas¹.
1322 729 1336 749 »
1374 712 1485 753 Ecce
1523 720 1633 754 totus

251 779 437 820 mundus
465 776 590 818 hodio
617 785 818 833 purgatus
852 785 939 824 est,
981 778 1189 818 elementa
1227 784 1400 833 purgata
1439 785 1534 817 sunt
1556 808 1566 824 ,
1592 784 1635 817 et

250 843 386 885 omnis
412 851 518 884 terra
543 842 799 883 Sanctorum
829 850 935 883 terra
965 843 1023 898 (2)
1048 842 1234 883 sanctior
1251 850 1326 883 est.
1354 841 1458 884 Nam
1481 841 1538 882 ibi
1556 856 1632 898 pe·-

250 925 322 951 eus
347 909 587 950 irrationale
613 908 877 949 immolatum
908 913 994 957 est,
1019 917 1060 950 et
1083 917 1200 950 tanto
1217 907 1352 963 majus
1384 916 1446 949 est
1471 905 1633 949 sacrifi-

251 975 362 1017 cium
377 1007 386 1023 ,
415 982 569 1030 quanta
585 974 719 1029 major
743 974 803 1030 (5)
823 973 1022 1015 sanctitas
1047 974 1098 1015 de
1121 981 1383 1016 sacramento
1402 973 1630 1030 profertur.

249 1040 336 1082 Hac
353 1042 404 1082 do
429 1054 554 1080 causa
575 1071 583 1085 ‚
614 1048 752 1080 nostra
774 1038 916 1080 taetitia
941 1054 1047 1080 crux
1070 1049 1147 1081 est.

311 1105 378 1146 ΙΙΙ.
420 1104 456 1147 O
484 1113 692 1160 quantum
724 1104 848 1146 nobis
886 1120 989 1146 crux
1018 1105 1196 1163 profuit!
1232 1104 1474 1147 Paradisum
1516 1102 1634 1145 annis

250 1171 436 1228 quinque
456 1169 642 1211 millibus
664 1178 706 1210 et
733 1170 915 1226 amplius
938 1172 1128 1212 clausum
1154 1171 1310 1218 fuerat,
1338 1168 1549 1212 sedhodie
1563 1169 1638 1210 La-

251 1236 361 1278 troni
386 1234 663 1292 promittitur.
689 1235 775 1276 Hac
800 1235 913 1276 enim
939 1236 1028 1285 die,
1055 1236 1134 1278 hac
1159 1236 1263 1278 hora
1289 1235 1479 1277 Christus
1501 1235 1637 1275 intro—

251 1301 367 1343 duxit
384 1299 609 1342 Latronem
633 1300 675 1341 in
695 1300 941 1341 Paradisum
960 1334 969 1348 ,
995 1317 1076 1357 qua
1101 1302 1235 1343 Adam
1261 1301 1313 1342 de
1342 1300 1539 1342 paradiso
1566 1314 1639 1341 ex-

251 1367 396 1424 pulsus
407 1364 502 1412 suit,
522 1373 562 1406 et
580 1364 672 1421 ejus
686 1365 949 1407 amoenitates
961 1366 1353 1414 Latroniostendit,
1375 1365 1469 1406 etin
1482 1364 1642 1406 eisdem

252 1447 349 1474 eum
375 1431 600 1473 collocavit
632 1446 763 1487 usque
798 1432 850 1472 ad
876 1431 986 1474 diem
1013 1441 1169 1474 sancta:
1193 1430 1476 1474 Ascensionis.
1505 1430 1642 1472 Hodie

254 1498 437 1555 denique
458 1529 469 1546 ‚
506 1498 655 1538 fratres
671 1530 680 1544 ,
722 1499 805 1539 due
829 1497 1037 1540 beneficia
1061 1499 1252 1541 videmus
1283 1499 1404 1540 nobis
1428 1512 1518 1540 esse
1540 1511 1642 1538 con-

256 1580 370 1607 cessa
391 1597 401 1613 ,
426 1578 557 1604 unum
583 1564 701 1620 quod
716 1563 939 1606 paradisus
961 1564 1192 1621 patefactus
1210 1565 1269 1620 (4)
1288 1573 1347 1606 est
1363 1597 1374 1614 ‚
1400 1563 1512 1605 aliud
1530 1563 1644 1618 quod

259 1645 342 1672 non
368 1637 530 1671 tantum
556 1628 676 1684 justis
698 1661 708 1677 ‚
733 1631 805 1670 sed
826 1630 1063 1672 latronibus
1087 1630 1363 1687 promittitur.
1399 1628 1534 1671 Hodie
1564 1628 1646 1669 ita-

258 1712 338 1754 que
360 1729 370 1744 ,
396 1695 546 1737 fratres
564 1728 573 1741 ‚
599 1694 732 1751 patria
757 1696 975 1745 redditur;
1001 1697 1130 1739 hodie
1147 1697 1269 1738 nobis
1294 1696 1440 1738 civitas
1463 1694 1644 1736 coelestis

260 1762 528 1809 ostenditur;
564 1761 687 1803 hodie
721 1770 894 1818 paterna
921 1764 1075 1804 domus
1107 1762 1345 1804 volentibus
1380 1760 1643 1808 redeuntum

259 1828 387 1871 hodie
412 1843 594 1885 namque
621 1828 677 1869 ait
701 1827 845 1885 Agnus
873 1829 942 1871 ille
975 1829 1016 1870 in
1054 1843 1182 1871 cruce
1213 1829 1404 1886 pendens
1440 1844 1448 1869 ε
1475 1845 1491 1866 ι
1511 1826 1645 1870 Hodie

264 1909 461 1938 nmeeum
484 1894 566 1936 eris
586 1894 627 1935 in
648 1893 848 1936 paradiso
864 1894 904 1942 “·’;
926 1913 941 1933 r>
970 1894 1066 1951 quia
1081 1927 1092 1943 ‚
1115 1895 1324 1952 expoliato
1343 1893 1505 1936 inferno
1527 1926 1537 1942 ‚
1566 1892 1648 1934 Pa*

262 1970 347 2003 tres
368 1969 535 2003 sanctos
555 1959 595 2000 in
618 1959 815 2002 paradiso
834 1975 929 2002 cum
953 1961 1135 2003 Latrone
1157 1960 1405 2009 collocavit,
1430 1969 1472 2002 et
1488 1957 1646 2000 ibidem

265 2028 457 2069 Salvator
471 2024 647 2067 humani
675 2025 839 2082 generis
862 2026 1026 2068 cunctis
1045 2042 1087 2068 se
1104 2026 1315 2083 patefecit.
1342 2026 1458 2068 Bene
1474 2039 1573 2082 ergo
1592 2024 1648 2065 ait

266 2093 455 2135 Salvator
481 2107 522 2132 z«
539 2091 675 2133 Hodie
694 2106 864 2133 mecum
882 2091 964 2135 eris
988 2092 1028 2133 in
1046 2091 1281 2134 Paradiso.·
1298 2091 1335 2134 O
1355 2106 1517 2140 serene,
1533 2105 1556 2132 o
1572 2088 1648 2132 Na-

266 2173 416 2201 zareno
437 2156 537 2199 Jesu
552 2189 562 2205 ‚
588 2157 716 2199 clavis
738 2157 884 2199 affixus
909 2172 951 2199 es
970 2189 980 2205 ,
1008 2157 1314 2214 blasphemaris
1336 2189 1345 2203 ,
1380 2156 1468 2199 sitis
1483 2188 1495 2204 ,
1529 2155 1647 2197 delu=

268 2224 402 2272 deris,
426 2222 717 2280 exprobrari53
741 2231 783 2265 et
806 2231 947 2265 tamen
967 2231 1222 2265 cunctarum
1243 2236 1467 2280 poenarum
1491 2219 1648 2262 oblitus

269 2291 326 2333 ais
349 2291 407 2346 (5)
441 2289 630 2331 :eHodie
653 2303 822 2331 mecum
840 2288 921 2331 eris
946 2288 986 2330 in
1009 2288 1223 2331 Paradiso.
1241 2287 1363 2330 »Non
1386 2287 1498 2330 enim
1520 2285 1648 2328 hodie

269 2364 458 2398 mortuos
477 2354 663 2397 reddidit
686 2353 772 2396 luci
795 2387 802 2402 ‚
830 2369 909 2397 nec
930 2354 1057 2397 maris
1080 2354 1235 2397 ssuctus
1259 2353 1522 2411 compescuit
1552 2351 1611 2408 (6)
1635 2382 1646 2399 ,

319 2464 329 2486 ¹
350 2475 362 2494 1
380 2463 463 2495 Tim.
479 2473 513 2502 n,
530 2463 560 2494 8.
576 2481 611 2486 -
631 2460 646 2484 2
661 2466 738 2495 Luc.
755 2472 850 2504 xxm,
872 2463 928 2499 43.

317 2545 368 2591 (1)
385 2545 465 2580 Cod.
484 2546 520 2577 si.
537 2565 578 2570 —
602 2545 648 2590 (2)
669 2548 765 2578 Deest
781 2555 867 2577 terra
889 2545 922 2577 in
940 2544 1015 2579 cod.
1037 2563 1080 2570 —-
1104 2542 1153 2589 (3)
1169 2545 1266 2576 Deest
1286 2540 1389 2584 major
1400 2539 1432 2573 in
1448 2538 1522 2574 cod.
1539 2556 1582 2563 —
1598 2537 1649 2582 (4)

271 2602 356 2635 Cod.
372 2602 566 2634 Paradisum
580 2603 801 2644 patefactum.
827 2616 871 2624 -·
895 2599 945 2646 (5)
962 2600 1044 2634 Cod.
1071 2600 1130 2634 aie.
1151 2619 1197 2625 —
1223 2598 1271 2641 (6)
1289 2601 1386 2630 Deest
1405 2594 1600 2639 compescuit
1613 2593 1647 2628 in

273 2658 360 2696 cod..
373 2658 430 2691 ubi
444 2659 545 2691 nolum
559 2658 673 2701 legitur
694 2670 753 2690 nec
767 2658 994 2699 marefluceus.
