1868 3301
182 334 326 366 SERMO
361 334 524 373 LXXIX,
564 333 609 362 IN
646 331 779 362 FESTO
814 331 873 361 SS.
919 330 1231 361 INNOCENTIUM
1268 331 1337 361 111.
1421 317 1505 371 421

149 400 304 443 Christi
327 400 456 456 gloria
480 398 734 456 provocabat
756 398 832 452 (ι).
862 396 1033 439 Silentia
1058 397 1214 453 gloriae,
1248 398 1398 438 damna
1422 404 1519 438 sunt

149 466 313 523 lingum.
340 465 412 507 Est
436 464 548 506 enim
567 464 727 506 crimen
750 472 909 511 tacere,
931 463 1042 519 quod
1059 462 1111 504 sit
1131 462 1396 504 fructiferum
1416 477 1518 518 prae-

150 532 291 573 dicare
310 548 320 578 ;
350 545 428 572 nce
452 530 566 586 loqui
587 538 686 571 aetas
700 528 786 586 ipsa
810 528 947 586 potuit
966 528 1078 570 nolle
1093 560 1101 575 ‚
1126 528 1193 569 cui
1212 526 1405 568 divinitas
1424 541 1521 568 con-

149 596 244 637 tulit
260 611 396 653 posse.
421 596 662 638 Periculose
676 603 856 642 tacetur,
873 594 987 650 quod
1009 594 1231 634 salubriter
1251 592 1521 649 praedicatur,

149 662 248 718 quia
269 661 464 703 beneficii
489 661 675 718 ingratus
702 668 780 708 est,
817 659 887 716 qui
920 660 1196 715 dispensanda
1226 658 1494 700 absconderit
1514 691 1524 706 ,

151 735 222 770 aut
245 727 514 784 praedicanda
552 726 727 768 siluerit.
769 726 889 767 Unde
914 733 956 767 et
978 725 1044 767 isti
1068 723 1246 766 infantes
1267 738 1350 765 non
1374 732 1526 781 potue-

149 800 251 834 runt
274 793 414 840 silere,
436 807 562 848 quem
587 798 836 833 meruerunt
857 790 1009 832 dicere.
1027 790 1256 833 Potuerant
1277 788 1389 830 enim
1413 788 1528 830 rudi-

148 857 302 900 mentis
325 857 422 914 ipsis
445 857 627 913 relinqui
651 857 712 914 (2)
733 888 742 904 ,
767 855 802 897 si
823 863 1071 913 paterentur
1098 854 1327 898 Dominum
1359 854 1526 896 silentio

147 922 378 980 praeterire.

209 987 282 1028 ΙΙΙ.
323 986 518 1029 Nascitur
538 986 699 1028 interea
728 985 958 1027 discrimen
986 985 1094 1027 inter
1111 992 1308 1042 parentes
1329 992 1372 1026 et
1394 981 1527 1031 filios,

153 1052 265 1095 inter
281 1052 490 1109 genitores
513 1060 553 1093 et
576 1059 709 1093 natos.
732 1051 863 1093 Erant
881 1051 995 1092 enim
1019 1058 1216 1108 parentes
1235 1058 1276 1092 et
1299 1049 1375 1091 filii
1395 1064 1527 1106 genus

151 1117 316 1168 simile,
339 1119 414 1159 sed
438 1116 650 1159 dissimilis
676 1116 885 1158 interitus.
917 1116 1123 1173 Separant
1145 1131 1306 1164 causae,
1335 1131 1438 1172 quos
1463 1130 1530 1157 na-

150 1191 244 1225 tura
270 1181 514 1240 conjungit3
554 1182 755 1224 discernit
791 1183 921 1231 ratio,
964 1197 1068 1238 quos
1102 1181 1299 1239 cognatio
1337 1181 1525 1224 sociavit.

152 1247 255 1290 Ideo
278 1249 338 1305 (5)
354 1248 561 1306 conspicit
586 1257 764 1304 uterque
790 1248 1024 1297 Christum,
1041 1249 1232 1290 intuetur
1254 1257 1296 1290 et
1320 1247 1470 1296 cernit,
1491 1257 1533 1290 et

152 1321 331 1371 uterque
353 1329 461 1364 non,
486 1315 599 1372 quod
622 1315 772 1363 cernit,
800 1313 1012 1372 agnoscit;
1034 1329 1145 1356 unus
1162 1322 1225 1356 est
1247 1314 1452 1356 ambobus
1473 1313 1530 1355 vi-

152 1394 244 1427 sus,
276 1380 350 1421 sed
367 1379 580 1421 dissimilis
603 1380 863 1429 intellectus3
890 1394 964 1436 par
986 1388 1048 1422 est
1073 1380 1263 1437 utrisque
1282 1380 1430 1422 oculus
1456 1379 1532 1433 (4),

156 1444 297 1501 dispar
318 1453 381 1486 est
400 1459 561 1487 sensus.
587 1445 780 1501 Denique
814 1453 1009 1501 parentes
1032 1445 1202 1493 vident,
1223 1459 1302 1486 nec
1327 1445 1506 1487 credunt
1525 1461 1535 1491 ;

151 1509 226 1552 filii
243 1525 357 1558 vero,
375 1513 490 1566 quod
510 1511 664 1560 vident,
689 1511 886 1552 laudibus
912 1519 1208 1567 protestantur.
1231 1511 1404 1553 Praestat
1425 1524 1526 1566 par-

157 1576 264 1618 vulis
286 1575 525 1619 innocentia
541 1610 550 1625 ‚
581 1575 695 1632 quod
719 1584 860 1618 reatus
887 1576 1134 1633 parentibus
1164 1576 1396 1633 denegavit.
1419 1575 1533 1617 Con-

152 1640 235 1684 fert
257 1641 500 1699 simplicitas
516 1641 672 1698 dignis,
692 1642 807 1696 quod
830 1641 987 1682 malitia
1010 1641 1181 1697 negavit
1198 1641 1397 1697 indignis.
1414 1640 1539 1682 Dam-

157 1715 315 1750 uantur
350 1707 547 1749 laudibus
571 1705 754 1748 filiorum
777 1739 788 1754 ‚
817 1706 938 1754 dum,
968 1707 1264 1763 persequendo
1288 1706 1505 1747 Christum
1525 1738 1534 1753 ‚

153 1773 350 1815 cumulos
374 1781 573 1829 aggerant
594 1780 886 1828 peccatorum.
918 1771 954 1814 A
979 1773 1070 1813 Deo
1090 1780 1270 1828 negatur
1287 1771 1536 1829 parentibus

150 1852 330 1881 noscere
345 1871 354 1885 ‚
377 1838 492 1895 quod
510 1839 635 1879 datur
652 1837 880 1879 infantibus
897 1837 1143 1893 praedicare.
1164 1837 1381 1879 Laetantur
1403 1837 1538 1894 pueri,

152 1904 336 1959 gaudent
360 1902 555 1950 infantes,
573 1904 688 1960 quod
709 1902 844 1944 laudis
858 1902 1014 1944 Christi
1038 1901 1136 1944 facti
1160 1910 1258 1944 sunt
1281 1907 1532 1944 narratores.

152 1967 320 2010 Canunt
355 1967 550 2025 suffragia
566 2000 576 2015 ,
621 1966 773 2024 glorias
812 1967 999 2009 indicant
1020 2000 1030 2016 ‚
1085 1967 1229 2008 loetitia
1281 1967 1531 2009 efferuntur.

151 2031 320 2074 Timent
343 2032 467 2074 silere
483 2065 493 2079 ‚
530 2047 581 2073 ne
607 2032 767 2089 lapides
793 2031 947 2073 faciant
971 2033 1013 2073 in
1033 2032 1178 2074 laudes
1200 2032 1370 2074 Domini
1393 2047 1538 2089 perso-

153 2111 255 2138 nare
270 2130 279 2144 ,
303 2105 351 2138 ut
373 2097 415 2138 in
435 2097 514 2144 his,
539 2096 653 2153 quod
675 2096 881 2154 scriptum
910 2105 973 2139 est
989 2130 998 2145 ,
1024 2098 1218 2139 dicamus
1238 2112 1327 2139 esse
1349 2098 1538 2155 comple-

158 2170 249 2204 tum
272 2175 308 2203 ε(
338 2161 552 2219 Sapientia
575 2161 738 2219 aperuit
769 2176 814 2203 os
836 2170 1004 2203 mutum
1023 2194 1034 2210 ,
1060 2170 1102 2204 ct
1131 2161 1307 2204 disertas
1330 2162 1430 2205 fecit
1462 2163 1540 2205 lin-

201 2281 251 2321 (ι)
269 2280 373 2313 Codd.
391 2292 399 2312 ι
420 2286 451 2312 et
465 2291 536 2312 cvi:
554 2282 781 2322 Quoepeccaea
796 2291 860 2310 non
875 2289 1019 2313 noverat.
1040 2282 1160 2312 (Iaetera
1175 2280 1291 2311 dcsuut
1306 2290 1404 2322 usque
1416 2280 1456 2310 ad
1468 2279 1537 2312 haec

159 2336 256 2368 Verba
274 2347 282 2369 :
303 2338 474 2367 Laetaucur
485 2338 593 2378 pueri,
617 2337 767 2379 gaudent
780 2335 922 2377 irfimtes
939 2337 1027 2378 quod
1042 2335 1149 2366 laudis
1169 2335 1288 2368 chtisti
1302 2342 1378 2374 etc„
1395 2346 1453 2378 pru
1472 2335 1545 2376 qui-

156 2391 359 2431 bushabent.
377 2394 526 2434 gaudent
544 2402 576 2424 ec
600 2393 787 2435 gloriantur
810 2391 954 2434 itfantes
978 2393 1068 2434 quod
1093 2393 1203 2423 laudis
1232 2391 1447 2434 Cltrt'stifacti
1469 2399 1542 2422 sune

156 2457 356 2481 narratores.
379 2447 505 2479 Deinde
529 2449 644 2480 iterum
667 2448 820 2480 disserunt
841 2455 871 2479 et
898 2449 1034 2482 dicunt:
1058 2448 1249 2491 ineffabilia
1269 2457 1346 2478 tunc
1367 2459 1423 2477 ora
1434 2447 1543 2488 prius-

154 2516 254 2547 quam
274 2505 444 2535 mtmdana
464 2505 659 2535 solverentur
672 2504 706 2535 in
725 2504 850 2542 verba,
875 2505 1060 2536 laudabiles
1074 2507 1146 2535 Deo
1160 2504 1246 2535 incer
1259 2503 1448 2541 carnificum
1466 2514 1543 2533 ma-

155 2571 215 2591 nus
230 2560 509 2601 vocesfitderuuc,
520 2569 555 2591 ue
579 2561 612 2590 in
631 2560 678 2591 his
694 2561 784 2602 quod
795 2560 949 2602 scriptum
968 2571 1016 2592 esc
1034 2561 1148 2591 dicant
1161 2561 1358 2600 completum
1379 2570 1389 2589 :
1404 2560 1547 2600 Sapien-

155 2617 221 2654 tia,
240 2623 300 2649 etr..
322 2633 364 2639 -
386 2613 437 2661 (2)
458 2615 560 2647 Codd.
578 2617 773 2658 relinquere.
791 2634 836 2641 -—
859 2615 912 2661 (3)
933 2617 995 2651 lid.
1015 2617 1112 2650 adeo.
1131 2633 1177 2641 —
1191 2615 1239 2658 (4)
1263 2618 1360 2647 Deest
1378 2615 1488 2645 oculus
1508 2614 1540 2645 iu

154 2672 248 2706 codd.
