1885 3284
199 289 343 321 nmmo
380 286 541 329 vam,
579 287 626 319 IN
663 287 822 319 NATALI
858 286 1048 320 JoANle
1085 284 1304 316 BAPTISTAE
1342 283 1399 315 lv.
1454 282 1511 332 27

139 355 253 401 uteri
278 353 607 418 implicamenta
629 353 803 399 resolvit
825 391 834 408 ‚
863 364 1063 413 generata
1088 368 1193 397 voce
1212 360 1333 413 pater
1351 351 1514 413 recepit

137 442 288 472 vocem
306 426 382 488 (ι).
414 423 579 470 Fundit
598 441 762 469 novum
788 435 963 487 partum
984 440 1089 468 anus
1113 420 1263 466 sterilis
1281 457 1292 476 ,
1320 431 1359 466 et
1374 420 1513 466 soluta

132 506 234 542 sunt
255 513 329 542 ora
352 496 507 559 patris.
529 494 568 540 O
586 498 692 540 mira
720 512 882 551 rerum,
907 505 1127 540 etnaturae
1153 491 1406 537 conversio!
1431 491 1513 536 Hic

132 567 303 614 residuo
325 566 468 612 calore
484 565 709 611 virescunt
728 577 770 612 et
790 577 962 611 mortua
979 583 1072 611 aevo
1091 564 1252 609 viscera
1272 582 1283 616 ;
1303 561 1378 607 hic
1407 578 1496 606 ares

132 638 194 684 cit
211 637 362 698 lingua
388 675 398 693 ‚
432 637 507 682 hic
532 637 783 700 concipitur
806 655 898 684 vox.
933 637 1017 683 Sed
1042 652 1140 681 cum
1176 633 1368 679 nascitur
1394 631 1513 696 quod

132 708 402 772 coneipitur,
424 706 652 753 confestim
673 707 856 754 solvitur
881 707 1002 771 quod
1019 706 1193 766 ligatur.

198 779 272 826 lV.
318 779 384 825 Ad
407 778 657 842 mysterium
681 778 747 841 (2)
770 779 1008 824 redeamus.
1039 778 1145 823 Erat
1170 775 1302 834 igitur
1321 772 1514 818 Ecclesia

131 850 288 914 priscis
306 849 582 913 temporibus
605 849 862 896 infoecunda
881 887 892 905 ,
916 850 969 896 de
987 866 1074 914 qua
1096 847 1259 892 dicitur
1281 863 1292 890 ι
1314 845 1513 889 «Laetare

130 940 154 964 n
178 920 332 966 sterilis
348 957 358 977 ,
383 936 484 983 quae
501 935 589 964 non
609 920 749 982 paris3
769 937 949 984 erumpe
974 930 1014 966 et
1032 918 1170 964 clama
1190 931 1290 979 quae
1307 931 1395 960 non
1416 931 1513 976 par-

133 1013 154 1033 »
179 990 289 1037 turis
305 1028 316 1047 ‚
344 990 447 1053 quia
476 989 606 1036 multi
643 990 722 1036 filii
744 990 950 1046 desertae,
975 990 1110 1049 magis
1134 1003 1265 1051 quam
1299 988 1390 1044 ejus
1412 999 1514 1047 quae

133 1082 153 1103 n
177 1061 314 1107 habet
340 1061 482 1107 virum
498 1059 532 1106 1.
558 1082 580 1103 n
604 1061 716 1117 Quae
736 1072 1020 1126 posteaquam
1043 1059 1194 1105 divino
1218 1055 1383 1119 repleto
1411 1070 1511 1099 mu-

132 1149 232 1178 nere
259 1131 410 1177 salutis
450 1131 663 1194 Spiritum
698 1133 958 1195 parturivit,
1003 1132 1115 1177 sicut
1153 1128 1367 1190 scriptum
1411 1135 1473 1170 est
1497 1142 1507 1169 :

133 1224 152 1244 «
173 1204 361 1266 Propter
376 1202 573 1248 timorem
593 1212 716 1248 tuum
731 1213 852 1249 utero
866 1202 1115 1266 accepimus
1131 1210 1172 1245 et
1195 1195 1512 1262 parturivimus

132 1294 152 1316 »
173 1272 386 1337 Spiritum
417 1271 486 1335 (3)
505 1272 655 1318 salutis
670 1273 686 1301 2
707 1310 717 1327 ‚
742 1295 762 1315 »
787 1274 1019 1336 obstupuit
1039 1272 1189 1330 lingua
1211 1284 1311 1332 quae
1330 1266 1480 1326 genuit
1496 1302 1508 1321 ,

131 1343 176 1390 id
193 1353 281 1398 est,
304 1342 545 1406 Synagogae
562 1343 852 1406 propheticus
869 1360 1008 1388 sermo
1029 1341 1186 1388 defecit
1210 1357 1221 1384 :
1242 1338 1408 1384 idcirco
1425 1336 1446 1380 J
1457 1352 1511 1381 u-

132 1413 282 1470 daeus,
309 1430 438 1477 quem
466 1413 749 1458 incredulitas
774 1413 933 1458 fecerat
954 1414 1023 1474 (4)
1062 1422 1231 1456 mutum
1250 1446 1262 1464 ,
1289 1425 1372 1454 vox
1411 1417 1512 1452 nata

132 1484 338 1549 perducit
362 1483 417 1529 ad
442 1483 634 1529 Verbum
656 1522 665 1540 ‚
690 1494 738 1528 ut
761 1484 805 1529 in
839 1495 972 1547 partu
1009 1500 1085 1529 suo
1114 1490 1318 1542 agnoscat
1346 1477 1477 1523 fidem
1497 1514 1507 1533 ‚

132 1556 207 1620 qui
228 1554 371 1601 noluit
393 1571 621 1614 agnoscere
647 1555 954 1600 annuntiatum
979 1554 1060 1599 sibi
1088 1552 1325 1598 Dominum
1358 1547 1512 1594 Salva-

134 1636 286 1672 torem.
323 1626 583 1671 Minuantur
612 1625 720 1671 hinc
744 1626 860 1682 dies,
891 1636 1086 1671 crescant
1109 1634 1270 1670 noctes.
1298 1622 1512 1669 Humilie·

134 1699 268 1743 turin
287 1714 416 1743 carne
446 1699 560 1742 Deus
579 1735 590 1753 ‚
618 1698 804 1759 excipiat
825 1698 1072 1743 tenebrosos
1096 1697 1138 1742 in
1157 1696 1298 1741 Cruce
1312 1695 1335 1739 J
1343 1694 1505 1742 udaeOS.

135 1767 315 1814 Necesse
339 1778 401 1813 est
426 1778 471 1813 ut
489 1767 580 1813 dies
604 1768 868 1828 resurgendo
890 1770 1042 1814 iterurr.
1069 1778 1236 1814 crescat
1257 1767 1302 1812 in
1327 1766 1449 1823 luce,
1470 1777 1510 1812 et

134 1854 217 1884 nox
229 1838 344 1885 victa
366 1838 409 1883 in
435 1855 510 1884 sua
531 1849 785 1901 permaneat
802 1839 1011 1886 caecitate.

182 1940 281 1975 ¹Isai.
300 1952 367 1978 mv,
397 1953 424 1972 1.
444 1960 488 1966 -
504 1940 520 1963 ²
536 1943 588 1975 Id.
606 1953 692 1980 xxvr,
716 1944 766 1975 ε8.

183 2015 234 2056 (1)
245 2013 330 2046 Vide
342 2017 441 2046 Sermv
460 2026 554 2054 coxo,
571 2026 603 2046 n.
624 2025 657 2053 4.
677 2035 720 2040 —
741 2017 787 2059 (2)
808 2017 889 2048 (tud.
905 2019 986 2048 male
1004 2017 1279 2050 utinisterium.—
1305 2019 1337 2056 (3
1368 2019 1407 2048 Iu
1426 2018 1510 2049 Vut-

134 2075 204 2112 gata
222 2069 359 2110 legitur:
378 2071 607 2101 Parturz'vimus
626 2072 800 2112 Spirit11m3
827 2075 948 2102 salmes
973 2074 1184 2113 nonjecimus
1209 2074 1240 2103 in
1265 2082 1349 2104 terra
1361 2097 1368 2109 ,
1389 2080 1450 2108 ele.
1466 2091 1511 2097 —

134 2121 188 2170 (4)
206 2123 287 2158 Cod.
294 2124 427 2165 fecerit.
