1885 3284
243 234 385 267 SERMO
421 232 602 273 LXXXVI,
644 234 691 263 IN
728 233 887 264 NATALI
924 235 958 264 S.
1003 234 1316 266 lNNOCENTIUM
1346 237 1377 268 1.
1451 224 1510 287 87

209 300 266 347 ΙΙ.
308 300 479 346 Laetare
495 335 506 354 ‚
533 297 769 343 Jerusalem
787 336 798 355 ,
822 298 867 344 in
887 298 1095 355 Domino,
1126 300 1230 362 quia
1249 301 1517 365 Jerosolyma

144 385 248 417 cum
265 368 352 415 suis
367 367 640 414 exactoribus
659 369 956 431 perturbatur.
986 369 1026 415 O
1046 369 1285 416 Jerusalem
1304 408 1316 427 ,
1342 372 1520 420 Jerusa-

146 440 232 486 lem
247 477 259 497 ,
286 438 456 486 dudum
479 438 806 501 Prophetarum
828 439 1036 500 sanguine
1054 443 1146 499 jam
1171 441 1292 486 ebria
1314 479 1326 498 ,
1354 459 1519 507 caupo-

145 527 220 557 nes
237 520 334 556 tuos
348 526 449 556 cum
472 509 626 572 iniquo
643 508 896 556 discrimine
913 511 1149 566 accusasti,
1176 521 1217 556 et
1235 529 1353 558 nunc
1373 512 1523 561 insana

148 581 294 628 dicere
329 579 495 627 Herodi
535 580 589 626 de
613 597 717 626 nece
750 580 985 627 infantium
1014 581 1280 628 omnimodis
1315 582 1524 630 demons-

148 653 290 699 trasti.
315 650 434 712 Olim
462 652 790 698 annuntiatores
825 653 991 699 Christi
1017 653 1209 709 necasti,
1236 670 1354 700 nunc
1379 666 1525 702 autem

148 723 402 784 indignator'
426 723 628 769 inventus
652 734 712 769 est
731 741 812 787 pro
837 741 1016 770 munere
1036 724 1203 770 Christi
1225 762 1236 782 ,
1267 723 1373 771 dum
1390 729 1531 788 jugu—

147 794 256 840 lares
277 792 486 857 parvulos
508 831 518 850 ‚
546 793 683 857 ipsius
704 795 780 858 qui
808 795 967 840 auxilio
994 795 1161 842 inventi
1196 806 1320 841 erant
1347 797 1520 855 muniti.

149 865 189 910 O
207 862 432 910 laudabile
451 864 711 927 praemium!
742 865 859 910 [Inus
880 866 935 911 ab
960 882 1048 911 uno
1069 865 1355 933 perquiritur,
1382 867 1428 912 'et
1445 863 1528 932 pro

151 951 240 981 uno
259 972 269 991 ,
300 953 323 980 a
364 935 580 981 matribus
600 936 716 998 rapti
743 936 871 981 multi
899 936 978 982 filii
1004 936 1278 996 jugulahtur.
1303 937 1426 983 Unus
1445 954 1524 985 ve·-

146 1017 268 1053 nerat
286 1006 496 1052 redimere
529 1005 741 1052 mundum
770 1007 875 1051 dum
912 1009 1137 1062 nascitur,
1162 1018 1202 1052 et
1225 1008 1424 1054 omnium
1450 1026 1525 1071 pa-

145 1087 228 1123 tres
258 1076 325 1140 (1)
351 1075 598 1121 inauditum
623 1076 791 1121 facinus
814 1078 1089 1122 committere
1111 1077 1367 1125 invitantur.
1389 1079 1524 1125 Modo

144 1146 356 1212 processit
372 1145 425 1191 de
445 1146 639 1191 thalamo
665 1146 853 1206 Virginis
873 1164 1057 1210 sponsus
1081 1185 1091 1203 ‚
1129 1159 1171 1194 et
1202 1148 1246 1194 in
1285 1148 1524 1196 adventum

145 1222 236 1279 ejus
254 1229 358 1264 aetas
376 1233 614 1280 puerorum
639 1217 755 1262 facta
772 1228 834 1263 est
860 1217 1191 1266 holocaustum.
1240 1219 1373 1265 Modo
1410 1220 1525 1283 plas-

146 1299 290 1336 mator
304 1298 347 1334 et
374 1288 443 1351 (2)
471 1287 629 1348 figulus
650 1288 816 1334 luteum
834 1306 881 1334 ex
895 1289 1072 1349 Virgine
1098 1289 1302 1336 induitur
1326 1307 1487 1354 corpus
1511 1331 1523 1350 ‚

146 1370 189 1406 et
207 1358 450 1405 adversaria
468 1357 597 1403 infert
618 1358 810 1404 Herodes
829 1359 998 1405 furente
1013 1359 1194 1406 diabolo
1217 1361 1285 1424 (3)
1307 1399 1318 1417 ‚
1357 1362 1403 1407 in
1434 1379 1523 1426 quo

143 1430 374 1494 inquinato
413 1428 586 1491 pulveri
635 1431 889 1489 sanguinem
937 1432 1213 1477 commiscuit
1268 1432 1516 1483 infantium.

147 1499 286 1547 Medo
306 1517 354 1546 ex
378 1505 479 1545 arca
500 1499 690 1560 Virginis
706 1512 980 1546 mensurator
998 1513 1125 1547 natus
1142 1503 1265 1548 sortis
1287 1502 1374 1566 (4),
1389 1514 1430 1550 et
1448 1504 1526 1552 hic

144 1569 269 1636 quasi
285 1587 337 1625 ex
352 1570 514 1631 gremio
534 1569 590 1614 ab
606 1569 780 1615 Herode
794 1571 999 1615 cumulus
1015 1571 1197 1630 erigitur
1211 1573 1368 1618 carnis.
1392 1574 1526 1621 Modo

146 1642 347 1690 sanctum
383 1642 563 1688 botrum
599 1642 643 1687 in
679 1643 873 1688 torcular
893 1642 1122 1690 inducitur
1156 1644 1347 1702 mundi,
1382 1641 1525 1694 ethic

147 1715 283 1761 ubere
294 1714 452 1760 -matris
468 1713 672 1776 improbe
685 1713 944 1776 exprimitur
958 1713 1042 1776 (5),
1065 1713 1172 1759 dum
1186 1714 1436 1763 lancearum
1453 1718 1522 1781 (6)

149 1801 251 1831 cum
273 1783 482 1845 sanguine
507 1783 831 1830 commiscetur.
866 1783 1000 1829 Modo
1025 1786 1173 1844 Agnus
1198 1785 1280 1831 Dei
1305 1803 1353 1831 ex
1374 1798 1525 1834 sancto

149 1855 256 1902 ovili
284 1854 350 1919 (7)
388 1853 655 1917 procedens,
683 1871 761 1917 per
794 1865 987 1918 pastores
1025 1854 1246 1902 Herodem
1269 1856 1438 1914 illusit,
1482 1869 1526 1905 et

148 1937 381 1991 propterea
406 1924 533 1971 dolus
560 1923 702 1971 factus
719 1936 781 1971 est
805 1943 988 1986 magnus
1010 1964 1021 1983 ,
1050 1926 1158 1972 dum
1184 1929 1392 1994 princeps
1413 1929 1527 1976 insa-

148 2013 232 2045 nus
249 2034 260 2053 ‚
287 1997 385 2060 lupi
401 1996 573 2059 rapacis
589 1996 711 2041 rabie
737 2007 915 2060 captus,
937 2015 960 2042 a
982 1997 1198 2044 matribus
1215 1997 1361 2045 eduxit
1394 1999 1526 2046 bala-

151 2077 246 2114 tum
266 2104 278 2123 ,
301 2082 398 2114 vere
418 2075 466 2112 ut
481 2066 714 2129 improbus
733 2062 929 2112 falsarius
946 2067 1027 2129 (8).

217 2138 302 2197 ΠΙ.
337 2136 499 2183 Videns
517 2154 618 2198 ergo
637 2137 832 2193 Herodes
850 2175 861 2194 ,
891 2138 995 2200 quia
1012 2137 1186 2192 delusus
1211 2150 1273 2184 est
1307 2158 1330 2186 a
1352 2141 1491 2201 Magis
1508 2178 1521 2200 ,

151 2207 327 2265 vocavit
345 2207 522 2254 Scribas
535 2245 546 2264 ,
572 2207 857 2272 etinquisivit
877 2207 934 2254 ab
954 2208 1013 2254 eis
1031 2225 1120 2273 quo
1147 2220 1345 2273 tempore
1370 2211 1527 2258 Chris-

154 2289 224 2339 tus
253 2278 449 2326 nascitur
470 2279 515 2324 in
536 2278 561 2324 J
567 2278 703 2336 udaeis'
725 2279 979 2343 redemptor
999 2276 1266 2343 captivitatis
1286 2300 1297 2339 3
1325 2283 1402 2347 qui
1421 2320 1433 2340 ,
1461 2283 1534 2329 di-

183 2442 187 2445 =
201 2397 249 2440 (ι)
267 2398 347 2431 cod.
363 2399 410 2430 ad
425 2398 607 2429 inauditum
621 2410 632 2428 :
648 2398 694 2430 ad
707 2398 834 2433 videtur
847 2398 1020 2431 abundare.
1035 2417 1077 2423 —-
1096 2401 1144 2439 (2)
1158 2399 1210 2432 Id.
1229 2401 1311 2433 male
1325 2401 1535 2444 effigulus.——

155 2473 199 2480 —
228 2452 280 2499 (3)
306 2454 356 2485 1d.
379 2454 563 2485 adversario
587 2454 672 2485 intra
695 2455 846 2496 Herode,
877 2463 1023 2485 currente
1055 2456 1196 2487 diabolo.
1215 2474 1259 2480 —-
1284 2454 1335 2499 (4)
1366 2455 1413 2487 Id.
1428 2457 1538 2497 sortis.

153 2527 196 2534 —-
215 2507 268 2554 (5)
286 2508 337 2542 Id.
359 2510 440 2541 male
459 2509 687 2552 exprimuntur.
715 2527 764 2536 —
792 2508 844 2554 (6)
872 2510 956 2545 Cod.
976 2512 1169 2547 lanciorum.
1192 2530 1235 2536 —
1253 2510 1304 2556 (7)
1322 2511 1370 2547 td.
1388 2511 1479 2545 ovile.
1495 2529 1537 2535 -

155 2562 207 2610 (8)
224 2564 272 2597 Id.
290 2565 453 2598 salearius.
