1868 3301
350 301 478 332 menn
512 301 569 330 ns
607 300 810 330 oumnus
848 300 1130 340 vinru'rmus,
1170 301 1271 331 mc,
1414 286 1507 332 523

131 368 259 411 etiam
296 375 436 415 metu,
474 381 574 408 cum
606 366 719 407 illam
744 365 1034 422 septiformem
1058 365 1240 421 Spiritus
1262 364 1394 407 sancti
1417 378 1512 422 gra-

131 435 231 476 tiam
253 433 457 490 Propheta
484 433 758 479 describeret,
779 448 904 488 quam
933 433 972 473 iu
998 432 1213 473 hominem
1238 432 1507 473 descendisse

135 499 252 546 dixit,
272 498 432 540 addidit
458 496 517 551 (1)
543 498 656 552 quod
675 507 785 538 esset
808 496 975 553 «Super
996 511 1092 538 eum
1116 496 1297 553 Spiritus
1323 493 1508 542 Domini,

134 583 150 602 n
165 562 346 619 Spiritus
369 562 582 619 sapientiae
605 569 646 603 ct
669 561 928 609 intellectos,
944 561 1127 617 Spiritus
1149 561 1314 602 consilii
1336 570 1379 601 et
1398 559 1513 602 sorti-

137 628 355 677 atudinis‚
383 627 564 685 Spiritus
596 628 780 669 scientioe
812 637 854 669 et
886 627 1076 683 pietatis;
1119 635 1162 667 et
1196 626 1374 682 replevit
1408 638 1505 666 eum

137 711 152 732 ι
166 691 345 749 Spiritus
365 692 536 734 terroris
548 692 782 734 Domini¹.·
799 693 844 735 In
864 706 948 748 quo
967 692 1070 734 iliud
1088 691 1513 748 diligentiusintuen-

135 757 237 800 dum
256 765 333 804 est,
355 758 469 813 quod
495 770 578 799 non
602 758 707 798 dixit
736 771 745 798 :
771 757 1028 812 Requiescet
1059 770 1186 813 super
1208 770 1305 797 eum
1329 755 1511 812 Spiritus

137 822 298 866 timoris
320 822 502 870 Domini,
521 824 630 864 sicut
655 824 706 864 de
731 823 940 879 prioribus
959 823 1122 864 dixerat
1142 839 1152 869 ;
1176 821 1250 863 sed
1268 835 1278 862 ε
1296 821 1508 877 «Replevit

138 902 264 929 »eum
289 886 471 945 Spiritus
495 888 657 930 timoris
681 887 868 930 Domini.
893 887 1024 930 ‚Tota
1049 888 1161 929 enim
1187 886 1391 928 ubertatis
1412 886 1504 940 ejus

137 952 384 1012 magnitudo
402 962 489 1000 est,
515 962 560 994 ut
577 969 702 1009 quem
726 955 855 995 semel
880 968 954 994 sua
976 954 1129 994 virtute
1152 949 1384 1009 possederit
1407 951 1470 1005 (2)
1493 982 1504 998 ,

138 1033 224 1059 non
250 1017 424 1074 partim,
458 1019 530 1059 sed
555 1027 684 1059 totam
708 1017 798 1073 ojus
820 1027 1003 1074 occupet
1023 1026 1223 1058 mentem.
1249 1015 1334 1059 Nec
1356 1016 1511 1056 imme-

139 1082 219 1123 rito
264 1082 322 1123 illi
359 1097 575 1138 nunquam
611 1083 776 1125 excidet
795 1084 877 1139 (5),
908 1098 1005 1125 cum
1031 1084 1190 1124 baerens
1213 1084 1272 1136 (4)
1302 1080 1507 1122 Charitati

139 1162 221 1189 non
246 1148 381 1189 solum
405 1150 563 1204 replet,
592 1149 665 1189 sed
688 1149 815 1190 etiam
834 1158 1035 1206 perpetua
1059 1157 1100 1189 et
1123 1146 1392 1203 inseparabili
1411 1160 1508 1186 eum

139 1226 264 1268 quom
285 1212 474 1269 caeperit,
494 1213 679 1269 possidet
705 1214 938 1254 visitatione
954 1247 963 1261 ,
989 1222 1031 1254 et
1056 1213 1210 1253 nullius
1234 1211 1386 1253 laetitiae
1407 1220 1514 1251 tem-

140 1277 294 1334 poralis
316 1278 378 1318 vel
402 1279 663 1334 voluptatum
686 1287 748 1320 est
771 1277 1127 1320 oblectationibus
1145 1276 1393 1317 imminutus
1423 1277 1482 1330 (5)
1502 1308 1512 1322 .

140 1358 231 1399 quse
254 1357 557 1398 nonuunquam
577 1343 633 1383 illi
655 1376 664 1390 ‚
690 1343 760 1398 qui
794 1343 903 1384 foras
934 1343 1127 1389 mittitur,
1170 1340 1310 1383 timori
1346 1340 1514 1381 evenire

140 1408 371 1450 consuevit.
408 1408 516 1450 Hinc
551 1408 676 1464 igitur
714 1408 980 1465 perfectionis
1024 1409 1160 1450 forma
1205 1416 1330 1462 atque
1373 1420 1516 1448 exem-

141 1474 210 1531 plo
256 1473 458 1514 virtutum
511 1474 695 1530 repletus
727 1474 852 1514 fuisse
890 1482 1085 1514 narratur
1103 1505 1113 1523 ‚
1158 1472 1355 1513 emittens
1396 1471 1514 1511 illum

141 1539 334 1581 servilem
351 1539 655 1596 suppliciorum
680 1540 893 1587 timorem,
912 1539 1118 1580 verusDei
1133 1538 1281 1588 Filius,
1295 1536 1405 1587 «Qui
1424 1550 1524 1592 pcc-

141 1612 312 1646 ncatum
331 1619 414 1646 non
437 1603 538 1646 fecit
557 1637 567 1650 .
611 1619 690 1646 nec
724 1604 922 1645 inventus
951 1612 1015 1644 est
1041 1603 1164 1644 dolus
1187 1602 1226 1642 in
1249 1615 1322 1642 ore
1345 1598 1476 1654 eju52.
1493 1615 1508 1638 ι

140 1668 330 1712 Humana
367 1669 580 1716 conditio,
624 1668 726 1709 dum
768 1668 951 1709 adversis
985 1666 1284 1708 vitiositatibus
1329 1674 1513 1705 mentem

139 1733 388 1781 conturbat,
412 1733 538 1774 etiam
569 1742 664 1774 ante
688 1747 831 1789 poenas
854 1732 1082 1789 gehemm,
1114 1745 1188 1786 per
1223 1729 1514 1770 inordinatum

137 1797 264 1839 animi
286 1797 539 1855 appetitum.
578 1797 662 1851 jam
695 1812 836 1852 poenas
878 1795 1154 1838 conscientiae
1200 1794 1371 1851 patitur.
1409 1792 1515 1835 Om-

139 1862 204 1904 nia
222 1862 334 1904 enim
358 1862 510 1919 poterit
546 1862 675 1904 homo
721 1864 892 1919 fugere,
928 1870 1083 1918 praeter
1118 1875 1192 1902 cor
1231 1874 1357 1900 suum
1390 1874 1400 1899 :
1436 1872 1520 1900 non

140 1927 251 1971 enim
283 1936 419 1984 potest
448 1943 469 1968 a
504 1942 547 1968 se
574 1927 794 1984 quisquam
830 1925 1053 1972 recedere3
1092 1939 1365 1981 quocumque
1398 1923 1514 1964 enim

143 1993 315 2044 abierit,
347 1996 486 2036 reatfis
514 1993 577 2035 sui
621 1993 880 2035 conscientia
914 1993 1034 2034 illum
1085 2006 1172 2033 non
1224 1989 1514 2046 derelinquit,

137 2058 327 2116 quamvis
349 2059 535 2101 l‘mmuna
552 2059 708 2113 judicia
729 2057 1022 2114 subterfugiat.
1039 2056 1190 2099 Omnis
1208 2055 1281 2111 qui
1295 2055 1514 2111 maleagit,

137 2120 215 2166 sibi
241 2133 379 2166 tamon
403 2124 528 2165 celari
550 2139 632 2166 non
651 2132 801 2180 potest.
821 2122 924 2165 Nam
947 2122 1023 2163 etsi
1049 2122 1138 2162 aliis
1160 2120 1391 2175 celatquod
1413 2121 1516 2175 agit,

138 2190 226 2247 ipse
244 2190 365 2248 plone
385 2190 500 2232 novit
519 2191 675 2232 malum
697 2205 786 2231 esse
804 2188 1066 2245 quodgessit.
1099 2187 1261 2241 Duplex
1275 2199 1374 2240 ergo
1391 2183 1434 2225 [it
1452 2182 1520 2242 (6)

139 2255 181 2297 in
205 2269 254 2296 eo
275 2254 505 2310 judicium,
529 2255 628 2312 quia
646 2264 688 2296 et
704 2254 774 2296 hic
795 2268 871 2295 suo
894 2262 1013 2295 reatu
1029 2252 1202 2309 punitur
1225 2259 1267 2291 et
1292 2250 1517 2305 punglur,

143 2318 278 2362 etiuic
289 2319 658 2378 perpetualipoena
674 2320 914 2362 damnatur.
929 2318 1019 2361 Hoc
1029 2331 1129 2373 ergo
1143 2310 1348 2372 significat
1363 2314 1522 2370 «Abys-

190 2436 289 2474 ίΪέῖαῖ.
310 2445 354 2480 xi,
377 2444 407 2478 h,
427 2439 460 2472 3.
475 2433 553 2464 —2
571 2451 583 2471 1
604 2440 690 2473 Petr.
711 2450 743 2476 ιι,
767 2450 824 2470 22.

192 2533 239 2575 (ι)
259 2535 358 2564 Deest
378 2526 510 2562 addidit
522 2531 555 2563 in
569 2530 641 2562 cod.
655 2547 702 2565 ε-
720 2529 764 2571 (2)
790 2528 843 2560 ld.
866 2528 1067 2569 possederat.
1086 2543 1129 2550 -
1144 2525 1193 2570 (3)
1208 2524 1255 2556 Id.
1271 2524 1461 2557 excederet,
1477 2542 1523 2549 —

142 2585 195 2633 (4)
218 2587 269 2622 1d.
296 2587 462 2618 calca-rens
478 2611 488 2629 ‚
514 2592 546 2618 et
569 2586 686 2618 deinde
713 2585 850 2627 replens.
875 2599 920 2608 -—
946 2581 995 2623 (5)
1026 2579 1076 2616 ld.
1109 2580 1308 2612 immanitas.
1327 2596 1372 2605 —-
1398 2581 1521 2623 (6)1d.

152 2652 207 2678 111.
