1885 3284
358 266 443 313 138
768 286 803 314 s.
848 284 1092 316 mensum
1127 284 1335 316 emscom

351 348 472 400 simi,
516 347 630 394 unde
662 350 884 400 venimus*
920 363 959 396 et
992 367 1080 414 quo
1110 367 1338 408 vocamur,
1373 352 1505 400 nullae
1541 354 1652 401 vires
1682 356 1729 402 in

355 418 481 463 nobis
507 430 628 474 511111,
656 420 818 482 quibus
855 422 909 466 ad
944 420 1186 466 reddendas
1222 422 1314 467 Deo
1341 424 1501 482 gratias
1536 424 1729 472 sufficere

350 489 583 536 valeamus.
610 492 697 554 Nos
713 492 827 537 enim
851 493 931 538 filii
956 492 1092 538 lsrael
1113 508 1262 544 sumus
1284 529 1293 544 ‚
1326 494 1405 556 qui
1430 495 1651 542 Pharaoni
1682 497 1730 544 in

355 561 536 622 AEgypto
551 561 805 607 servivimus
823 599 834 617 ,
852 563 929 626 qui
950 563 1201 622 gravissimo
1221 564 1401 626 superbi
1417 566 1525 625 regis
1541 566 1728 629 imperio

351 631 673 693 premebamur.
696 633 932 679 Gaudebat
954 633 1170 696 siquidem
1192 633 1402 697 Princeps
1421 636 1574 681 mundi
1594 637 1731 697 hujus

348 699 431 745 sub
451 700 585 747 feroci
601 703 819 748 servitutis
832 707 939 763 juoo
954 721 1032 750 nos
1045 703 1338 749 indesinenter
1355 714 1561 760 atterere,
1584 715 1627 752 et
1647 724 1731 752 ser-

348 770 500 816 vilium
535 788 717 835 ope1um
753 791 924 837 semper
958 774 1110 820 officiis
1143 790 1378 839 occupare.
1420 762 1623 839 Cogebat'
1651 793 1732 834 nos

349 840 499 886 lateres
523 859 735 905 coquere,
766 861 843 890 nec
868 846 937 908 (1)
967 863 1014 891 ex
1039 844 1238 908 pretiosis
1263 844 1476 892 virtutum
1502 845 1731 909 lapidibus

348 912 562 975 templum
594 916 678 960 1160
697 926 976 971 construere,
1006 915 1079 962 sed
1098 927 1317 976 terrenum
1337 916 1487 979 potius
1520 917 1605 963 sibi
1630 916 1731 964 dic-

351 982 473 1027 tabat
508 983 747 1029 {edificium
772 985 1005 1034 fabricare.
1041 985 1126 1032 Sed
1159 1002 1258 1032 ecce
1290 973 1384 1045 jam
1410 988 1526 1032 Deus
1552 996 1732 1050 patrum

352 1063 599 1099 nostrorum
618 1091 628 1109 ,
657 1056 772 1101 Deus
791 1056 1050 1104 benedictus
1075 1057 1121 1103 in
1146 1056 1306 1102 saecula
1328 1094 1339 1113 ‚
1359 1073 1409 1103 ex
1427 1058 1616 1121 AEgypto
1631 1073 1727 1115 1105,

350 1123 395 1169 id
410 1135 488 1179 651,
507 1123 560 1169 de
575 1125 764 1170 tenebris
781 1126 883 1173 vitae
894 1128 1048 1175 veteris
1061 1127 1177 1174 eruit
1189 1164 1200 1184 ‚
1219 1126 1274 1172 de
1290 1127 1467 1173 vinculo
1488 1128 1733 1191 tyrannicae

351 1194 661 1241 dominationis
686 1197 871 1244 absolvit
892 1235 903 1255 ,
931 1210 1061 1263 atque
1084 1199 1130 1244 in
1155 1208 1315 1244 terram
1336 1214 1414 1244 nos
1432 1198 1733 1261 promissionis

353 1264 538 1321 fideliter
560 1266 821 1314 introduxit.
838 1269 1017 1316 Terram
1042 1285 1233 1331 namque
1251 1268 1599 1331 repromissionis
1616 1285 1665 1314 ex
1681 1285 1731 1316 eo

345 1339 437 1395 jam
459 1336 637 1396 ingressi
656 1354 833 1392 sumus,
872 1356 918 1385 ex
952 1357 1067 1403 quo,
1104 1349 1250 1402 spreto
1291 1337 1446 1384 mundi
1478 1337 1694 1385 desiderio
1716 1375 1727 1395 ,

353 1407 491 1451 firmae
518 1407 608 1469 spei
647 1407 858 1454 fiduciam
884 1410 928 1456 in
953 1411 1196 1457 aeternitate
1218 1409 1446 1472 posuimus
1464 1445 1476 1465 ,
1503 1419 1545 1454 et
1562 1412 1656 1469 jam
1684 1409 1732 1456 in

349 1494 424 1540 spe
448 1478 744 1540 possidemus,
785 1496 918 1543 quam
951 1481 996 1527 in
1032 1498 1077 1526 re
1113 1478 1396 1544 postmodum
1421 1478 1622 1526 habituri
1653 1497 1733 1543 per

356 1548 429 1592 Dei
454 1548 633 1607 gratiam
655 1565 816 1595 sumus.
837 1552 888 1597 In
906 1551 1022 1598 hanc
1042 1550 1245 1597 videlicet
1262 1559 1421 1596 terram
1439 1552 1532 1608 jam
1550 1548 1616 1595 illi
1639 1549 1732 1613 spei

349 1619 563 1681 gratiam)
578 1619 820 1666 introducti
844 1621 1017 1668 fuerant
1031 1659 1042 1679 ,
1070 1622 1232 1685 quibus
1250 1623 1403 1666 Petrus
1423 1619 1569 1666 aiebat
1590 1637 1601 1666 ε
1623 1620 1733 1667 «Vos

350 1712 368 1731 υ
391 1700 537 1734 autem
559 1706 691 1749 genus
709 1690 913 1748 0160111111,
932 1693 1072 1753 regale
1091 1690 1387 1745 sacerdotium
1402 1727 1414 1745 ,
1434 1706 1537 1750 gens
1553 1701 1703 1753 sancta
1716 1727 1728 1747 ‚

354 1780 372 1800 »
399 1758 591 1824 populus
615 1761 918 1823 acquisitionis
935 1800 945 1819 ,
974 1773 1021 1808 ut
1041 1762 1225 1808 virtutes
1257 1758 1523 1818 annuntietis
1540 1763 1633 1820 ers
1655 1759 1733 1825 qui

354 1852 372 1871 »
394 1829 447 1874 de
474 1830 662 1875 tenebris
689 1848 766 1877 nos
797 1833 972 1881 vocavit
990 1833 1034 1880 in
1055 1830 1314 1880 admirabile
1342 1828 1492 1881 lumen
1516 1828 1687 1888 suumst.
1710 1852 1731 1891 ›3

417 1901 472 1946 11.
495 1900 577 1946 Sed
597 1902 699 1964 quia
716 1902 760 1946 in
776 1902 891 1949 hanc
909 1913 1085 1957 terram,
1104 1902 1216 1949 duce
1236 1900 1386 1949 divina
1405 1901 1561 1961 gratia,
1582 1916 1733 1964 sumus

350 1972 524 2032 ingressi
546 2009 555 2027 ‚
584 1989 671 2017 11011
691 1972 757 2036 (3)
778 1975 905 2019 nobis
930 1973 1179 2020 vacandum
1211 1982 1274 2017 est
1316 1971 1403 2016 otio
1419 2007 1430 2027 ,
1451 1987 1541 2017 11011
1561 1971 1733 2034 torpori

352 2042 417 2087 vel
441 2041 620 2087 desidite
645 2042 820 2097 cedere,
868 2061 957 2090 non
999 2060 1151 2090 somno
1188 2041 1254 2087 vel
1291 2042 1480 2087 incautae
1509 2041 1733 2087 securitati

352 2129 504 2159 sanum
526 2124 586 2157 cst
605 2113 846 2174 indulgere.
882 2114 1065 2178 Expedit
1097 2114 1245 2177 itaque
1270 2123 1319 2158 ut
1354 2113 1569 2158 virtutum
1602 2111 1731 2157 armis

350 2200 517 2246 semper
545 2184 731 2230 accincti
749 2222 759 2241 ‚
783 2185 838 2230 ad
855 2185 1100 2233 custodiam
1115 2184 1251 2231 nostri
1260 2187 1425 2244 Jugiter
1441 2182 1730 2238 excubemus,

352 2266 393 2300 et
429 2254 633 2300 adversus
655 2255 991 2302 immanissimos
1012 2255 1157 2302 hostes
1182 2264 1352 2300 nostros
1372 2252 1528 2300 acriter
1546 2251 1729 2298 dimice-

352 2341 449 2370 mus
470 2345 482 2379 ;
504 2341 581 2388 per
604 2325 768 2371 bellum
789 2343 977 2390 namque
994 2326 1157 2390 pariter
1171 2324 1226 2371 ad
1241 2341 1413 2389 pacem,
1437 2339 1517 2387 per
1533 2321 1730 2389 laborem

401 2449 412 2470 ¹
438 2460 451 2478 1
475 2451 556 2480 Petr.
569 2459 610 2491 11,
630 2460 664 2490 9.

394 2527 523 2573 (1)Hie
547 2540 609 2560 vox
625 2529 771 2572 quaedam
791 2529 879 2562 deest
904 2530 937 2562 in
955 2530 1031 2565 cod.
1055 2542 1149 2574 quam
1175 2530 1393 2575 supplevimus
1416 2527 1565 2562 addendo
1586 2538 1661 2561 nec.

346 2582 401 2630 (2)
414 2585 492 2618 Cod.
504 2586 661 2628 graciam.
682 2603 729 2611 —
746 2586 794 2631 (3)
816 2586 864 2621 Id.
884 2587 966 2620 male
977 2587 1063 2630 jam.
