1885 3284
374 284 466 342 2352
639 302 673 333 s.
721 303 962 335 anensium
1000 303 1201 335 muscom
1241 303 1481 339 APPEme.

367 367 468 409 dixit
499 367 788 412 haereditatem
822 371 1034 418 paradisi,
1074 370 1147 412 sed
1183 390 1197 409 «
1224 371 1323 414 Veni
1358 373 1398 415 in
1435 379 1589 417 terram
1623 390 1747 433 quam

367 450 383 471 ι
398 435 641 475 monstrabo
662 435 779 480 tibi¹.
802 455 814 473 u
843 436 1005 491 Moyses
1030 436 1197 491 quidem
1220 436 1374 494 Legem
1396 438 1567 481 Domini
1588 441 1751 496 accepit

366 506 408 539 et
425 513 499 555 per
523 500 896 555 repromissionem
916 501 1193 542 observantia}
1211 500 1331 557 Legis
1348 536 1358 550 ,
1381 504 1540 545 audivit
1568 520 1607 545 2«
1631 506 1748 547 Bona

368 571 517 604 »terrm
540 565 771 607 comedetis
787 566 816 607 ².
848 587 861 603 ο
897 565 987 608 Non
1012 567 1136 608 etiam
1157 567 1296 614 isaias,
1325 583 1408 609 non
1432 569 1566 612 Jacob
1594 570 1750 612 audivit

368 630 481 670 velut
507 628 633 672 Latro
658 646 700 672 :a
725 633 888 673 Mecum
913 632 994 673 eris
1017 632 1056 673 in
1080 633 1286 689 paradiso
1307 652 1321 670 n

424 693 467 737 V.
487 694 568 737 Sed
583 712 751 739 necesse
769 707 831 739 est
847 698 1232 754 qucererecurhuie
1250 707 1344 740 ante
1358 699 1654 743 aliosParadisi
1667 701 1752 743 hae-

366 760 517 802 reditas
537 764 810 818 promittitur,
828 764 948 820 cujus
970 779 1139 806 causam
1162 764 1373 821 assignare
1396 781 1618 823 praesumo.
1644 766 1749 809 Nam

376 825 613 868 «Abraham
638 829 817 870 credidit
843 829 994 878 De0³,»
1010 838 1050 872 et
1070 830 1318 871 crediditilli
1339 831 1389 871 de
1410 832 1516 873 coelo
1539 832 1751 887 loquenti,

366 899 406 932 et
424 906 496 948 per
511 893 689 950 Angelos
706 909 919 936 sermones
937 894 1182 952 proferenti,
1205 896 1279 936 sed
1296 910 1378 937 non
1399 895 1457 937 sic
1477 895 1579 938 vidit
1596 896 1739 939 Latro.

366 956 555 999 Credidit
573 967 613 999 et
635 959 779 1011 isaias,
802 962 876 1002 sed
899 960 938 1001 in
961 961 1097 1017 gloria
1116 960 1387 1008 consistenti,
1410 961 1504 1017 quia
1527 962 1630 1003 vidit
1650 977 1749 1004 eum

367 1023 582 1064 sedentem
619 1040 746 1082 super
786 1025 986 1068 thronum
1028 1026 1293 1074 excelsum⁶3
1319 1027 1393 1067 sed
1416 1041 1497 1068 non
1522 1026 1580 1068 sie
1604 1027 1743 1069 Latro.

365 1085 557 1130 Credidit
579 1089 798 1138 Ezechiel,
826 1090 899 1132 sed
919 1091 1055 1133 Deum
1081 1107 1208 1148 super
1226 1091 1461 1134 Cherubim
1487 1092 1749 1149 contempla-

367 1161 431 1194 tus
455 1153 554 1195 est⁵.
573 1154 859 1198 Crediderunt
875 1165 916 1198 et
933 1157 1227 1198 omnessancti
1245 1156 1483 1213 Prophetae,
1499 1157 1568 1213 qui
1588 1164 1633 1197 ut
1655 1158 1751 1213 pln-

366 1217 520 1260 rimum
541 1227 741 1275 tanquam
765 1221 902 1263 Deum
924 1221 1153 1279 gloriosum
1173 1222 1464 1269 intuebantur,
1491 1223 1600 1264 sicut
1621 1221 1751 1279 possi-

366 1282 449 1324 bile
474 1283 717 1327 hominibus
740 1287 878 1329 Deum
902 1288 1044 1328 videro
1066 1296 1169 1329 erat.
1201 1287 1389 1329 Credidit
1408 1295 1450 1329 et
1470 1287 1656 1344 Moyses,
1676 1288 1750 1329 sed

368 1349 419 1390 de
441 1349 581 1391 medio
604 1350 709 1408 ignis
732 1352 912 1408 gloriose
936 1352 1014 1394 sibi
1045 1353 1253 1409 loquenti.
1278 1352 1360 1394 Sed
1385 1352 1461 1394 iste
1482 1353 1608 1395 Latro
1644 1367 1751 1409 quo-

364 1414 492 1456 modo
513 1430 611 1457 eum
626 1417 817 1458 videbat?
833 1417 925 1459 Non
947 1432 1070 1475 super
1089 1418 1289 1459 thronum
1313 1418 1476 1473 regale,
1503 1431 1581 1459 nec
1604 1418 1751 1458 seden-

368 1488 452 1522 tem
475 1496 601 1538 super
616 1482 848 1524 Cherubim
864 1517 874 1532 ,
899 1499 984 1525 non
1006 1485 1250 1540 loquentem
1270 1484 1320 1525 de
1333 1484 1458 1533 coelo,
1481 1497 1565 1524 non
1579 1483 1749 1539 Angelis

366 1547 570 1588 sociatum
586 1564 596 1595 ς
624 1550 697 1590 sed
710 1564 806 1591 cum
823 1550 1058 1592 latronibus
1073 1551 1111 1591 in
1123 1565 1251 1591 cruce
1264 1549 1540 1607 pendentem,
1555 1549 1751 1590 manibus

365 1626 413 1654 ac
434 1612 611 1669 pedibus
630 1614 887 1670 perforatum
903 1648 912 1663 ‚
936 1617 1066 1657 latere
1091 1623 1309 1672 apertum,
1334 1614 1464 1671 spinis
1483 1622 1747 1656 coronatum.

366 1676 434 1719 Sic
457 1692 554 1735 ergo
579 1688 775 1722 ornatum
793 1714 802 1729 ,
825 1681 883 1723 sic
906 1681 1160 1723 honoratum
1179 1713 1188 1726 ,
1212 1681 1270 1722 sic
1290 1681 1558 1728 decoratum,
1586 1680 1644 1721 sic
1661 1681 1750 1722 des-

364 1752 534 1799 pectum
551 1778 560 1794 ,
580 1745 639 1787 sic
659 1747 956 1795 dilaceratum,
977 1748 1035 1789 sic
1055 1754 1375 1796 tormentatum,
1395 1754 1594 1802 tanquam
1613 1745 1748 1787 Deum

365 1810 538 1858 adorat,
564 1810 712 1854 dicens
736 1828 777 1853 z«
794 1813 1007 1856 Memento
1030 1812 1134 1859 mei,
1161 1811 1360 1859 Domine,
1387 1825 1484 1853 cum
1513 1811 1674 1853 veneris
1705 1811 1747 1853 in

365 1890 572 1932 »regnum
597 1885 758 1919 tuum.»
788 1877 824 1920 Ο
850 1893 998 1935 magna
1022 1877 1125 1920 fides
1143 1877 1151 1917 l
1171 1892 1195 1918 o
1215 1877 1460 1919 admiranda
1486 1876 1743 1918 constantiat

366 1957 392 1982 o
417 1941 637 1998 magnifica
664 1944 740 1985 Dei
764 1944 916 2000 gratia!
959 1944 1081 1986 Videt
1104 1943 1145 1985 in
1172 1958 1298 1985 cruce
1320 1942 1449 1984 Latro
1488 1943 1745 1984 salvatorem

364 2007 602 2056 hominem,
630 2018 670 2050 et
704 2018 822 2066 rogat
853 2010 969 2066 quasi
1008 2009 1047 2050 in
1088 2008 1201 2051 coelis
1228 2010 1471 2055 sedentem;
1511 2007 1621 2049 videt
1647 2021 1747 2049 con-

365 2075 610 2116 demnatum
631 2108 642 2126 ,
667 2076 853 2132 agnoscit
877 2076 934 2131 (ι)
969 2075 1008 2117 in
1046 2075 1210 2117 cunctis
1236 2075 1432 2122 beatum3
1459 2073 1572 2115 videt
1607 2072 1745 2114 cruci-

366 2140 496 2182 fixum
518 2172 530 2191 ,
569 2150 610 2183 et
635 2149 838 2198 tanquam
862 2142 951 2184 Deo
975 2141 1032 2199 (2)
1055 2142 1231 2183 deorum
1256 2141 1440 2182 clamare
1461 2155 1544 2181 nun
1570 2147 1705 2181 cessat
1729 2153 1737 2179 :

378 2224 392 2243 ι
411 2207 625 2249 Memento
662 2207 773 2255 mei,
815 2208 1014 2255 Domine,
1057 2222 1153 2249 cum
1188 2207 1245 2263 (5)
1288 2206 1450 2248 veneris
1485 2205 1526 2246 in
1565 2219 1742 2262 regnum

368 2290 382 2310 ι
397 2280 532 2314 tuum.
556 2291 571 2311 n
587 2272 623 2315 O
641 2272 785 2321 Latro,
808 2272 890 2327 jam
913 2287 996 2314 non
1020 2273 1125 2314 latro
1141 2305 1152 2321 ,
1179 2272 1220 2314 in
1244 2272 1356 2329 ligno
1378 2272 1562 2329 pendere
1583 2270 1740 2319 cernis,

366 2346 407 2380 et
425 2338 629 2380 coelorum
653 2353 778 2396 regna
803 2337 1029 2380 meditaris.
1046 2338 1083 2380 O
1102 2338 1346 2380 admiranda
1357 2336 1549 2379 Latronis
1572 2350 1744 2378 conver-

368 2403 427 2446 sio
446 2405 455 2445 1
482 2403 697 2461 Numquid
719 2404 956 2462 Scripturas
979 2405 1135 2461 legerat
1154 2403 1171 2445 P
1194 2403 1401 2460 numquid
1423 2401 1662 2460 prophetias
1682 2401 1745 2443 in·

415 2519 425 2541 ¹
445 2520 531 2552 Gen.
551 2529 608 2557 xn,
638 2529 667 2551 1.
689 2536 730 2541 ——
752 2515 768 2538 2
784 2516 882 2549 Levit.
897 2528 985 2558 xxvi,
1007 2518 1040 2550 6.
1067 2534 1108 2541 -·
1127 2515 1140 2538 3
1160 2519 1242 2550 Gen.
1272 2527 1324 2554 xv,
1345 2516 1376 2548 6.
1402 2533 1442 2539 ——
1463 2512 1566 2547 ⁴1sa'1'.
1589 2524 1632 2552 vi,
1654 2524 1681 2546 x.
1696 2531 1742 2538 —

366 2572 382 2597 ⁸
397 2572 511 2606 Ezech.
527 2584 557 2611 x,
578 2578 607 2609 4.

414 2654 466 2702 (1)
485 2654 564 2688 Cod.
578 2654 681 2699 quasi.
698 2672 743 2679 —-
761 2653 878 2698 (2)1d.
898 2656 1012 2686 Deum.
1032 2672 1073 2678 —
1090 2674 1091 2679 ,
1106 2653 1138 2697 3)
1156 2653 1201 2688 ld,
1223 2653 1310 2684 dum.
