1885 3284
413 322 504 363 222
673 321 706 347 S.
751 318 996 348 AUGUSTINI
1034 317 1236 346 EPISCOPL
1274 316 1504 345 APPENDIX.

414 390 594 443 desuper
619 384 837 432 induitur,
860 382 980 437 eujus
1008 397 1082 438 per
1106 383 1305 423 scissuras
1325 382 1383 436 (ι)
1411 379 1582 421 brachia
1607 380 1787 421 unda-et

412 467 545 509 genua
575 448 798 490 salvatoris·
822 447 1087 488 videbantur.
1108 447 1244 498 Quen]
1271 447 1329 488 sic
1348 446 1484 486 Mater
1506 445 1660 487 doloris
1684 445 1786 499 aspi-

414 518 551 562 ciens,
580 516 660 556 alte
679 515 862 555 clamare
887 527 968 553 non
993 512 1239 559 satiabatur,
1261 512 1403 552 dicens
1419 527 1426 551 :
1445 511 1507 552 «O
1530 510 1585 550 fili
1606 510 1679 558 nii,
1702 510 1789 550 Ca'i-

412 582 515 639 phas
541 590 578 621 te
603 579 866 636 percussitut
885 593 1060 633 puerum
1079 610 1087 625 ‚
1111 589 1148 618 te
1175 576 1608 632 utlatroneuiligavit,
1625 583 1663 615 te
1677 574 1787 615 deri-

413 648 465 689 sit
486 655 530 687 ut
552 645 711 686 fatuum
732 677 741 691 ‚
768 653 806 684 te
834 643 981 683 velavit
1003 651 1043 683 et
1073 641 1267 698 conspuit
1291 650 1335 682 ut
1358 643 1582 697 leprosum.
1611 641 1729 682 Anna
1752 648 1789 679 te

411 706 618 771 percussit
642 711 779 766 alapa,
808 718 848 749 et
871 724 971 749 ecee
992 723 1104 749 nnuc
1126 709 1282 750 Pilatus
1304 716 1343 748 te
1361 707 1614 764 expoliavit,
1639 715 1677 747 te
1700 721 1790 746 ver-

412 779 574 820 beravit
595 785 636 818 et
670 775 721 817 ad
750 776 993 815 columnam
1018 773 1159 830 ligavit
1193 774 1232 813 in
1267 781 1430 813 tantun]
1462 772 1575 828 quod
1605 772 1790 827 undique

411 843 533 885 video
558 839 896 897 sanguinantem,
918 854 1043 893 quem
1071 846 1232 879 tantum
1252 837 1407 894 aspicio
1428 853 1504 894 ego
1529 836 1677 877 misera
1700 852 1790 877 ma-

410 913 475 950 ter
502 924 510 949 :
542 919 582 948 et
611 921 710 947 ecce
742 906 869 946 niodo
904 910 944 945 te
990 905 1041 945 ad
1077 918 1248 945 crucem
1280 919 1376 944 cuni
1410 902 1643 944 latronibus
1672 902 1790 943 video

415 972 620 1031 deputari.
648 972 756 1017 ileu,
774 969 831 1011 fili
852 971 925 1020 mi,
943 985 963 1011 a
978 970 1141 1011 eunctis
1162 969 1388 1011 derelictus
1406 970 1413 1009 l
1433 969 1524 1010 »Tu
1540 984 1635 1009 vero
1655 969 1790 1009 anima

413 1039 663 1084 christiana,
691 1035 893 1092 «Respice
918 1036 959 1075 in
987 1036 1134 1076 faeiem
1161 1035 1314 1076 Christi
1341 1034 1476 1082 tui¹,»
1509 1043 1550 1075 et
1574 1034 1790 1075 considera

413 1104 545 1162 qualis
568 1111 656 1144 erat
671 1101 794 1143 facies
815 1101 972 1142 Christi
994 1101 1051 1141 tui
1073 1110 1166 1142 ante
1184 1101 1444 1157 passionem,
1463 1099 1650 1156 etqualis
1667 1099 1792 1140 hodie

412 1172 520 1212 sacta
546 1177 630 1216 est,
657 1177 701 1208 ut
715 1166 904 1222 opposita
923 1165 1036 1221 juxta
1059 1167 1245 1222 seposita
1265 1165 1394 1221 magis
1412 1166 1667 1207 elucescant.
1682 1163 1792 1221 Lego

414 1236 527 1277 enim
550 1248 652 1288 ego,
678 1248 702 1272 o
724 1232 834 1272 bone
860 1231 1072 1272 Nazarene
1094 1233 1216 1279 Jesu,
1244 1240 1337 1272 ante
1360 1231 1592 1286 passionem
1611 1264 1619 1277 ,
1644 1230 1792 1271 faciem

414 1309 530 1341 tuam
545 1296 1030 1354 splendereluminosam
1045 1329 1055 1344 ,
1074 1312 1216 1337 amore
1241 1295 1649 1337 desideratissimam.
1668 1295 1797 1337 Num-

414 1365 540 1421 quid,
585 1377 608 1403 o
650 1361 761 1402 bone
796 1359 920 1408 Jesn,
963 1375 1045 1402 non
1090 1360 1148 1416 (2)
1196 1360 1237 1401 in
1262 1360 1366 1401 facie
1394 1369 1461 1401 tua
1485 1361 1701 1402 relucebat
1727 1376 1793 1401 sa*-

412 1426 601 1486 pientia?
626 1425 834 1481 numquid
870 1440 954 1466 non
988 1425 1200 1481 splenduit
1238 1425 1362 1466 facies
1397 1434 1466 1467 tna
1500 1441 1657 1482 nuper,
1688 1426 1795 1467 sicut

414 1494 503 1535 sol?
528 1491 733 1547 numquid
764 1505 849 1531 non
890 1496 1064 1547 propter
1098 1491 1335 1531 claritatem
1369 1492 1507 1532 vultus
1543 1492 1599 1532 tui
1633 1491 1794 1547 ejecisti

414 1560 644 1601 vendentes
667 1565 708 1596 et
731 1564 920 1597 ementes
949 1557 999 1597 de
1023 1555 1210 1612 templo?
1235 1555 1407 1611 Aliquid
1433 1557 1545 1597 enim
1564 1557 1732 1613 igneum
1754 1566 1796 1597 et

414 1624 625 1665 sidereum
656 1619 884 1662 divinitatis
917 1628 1020 1668 tuae,
1048 1621 1089 1661 in
1113 1620 1246 1662 oculis
1272 1621 1352 1661 tnis
1379 1621 1596 1677 apparuit;
1620 1629 1796 1678 propter

415 1689 526 1744 qnod
566 1700 692 1728 nenio
731 1684 1003 1726 vendentium
1041 1694 1082 1726 et
1121 1685 1355 1726 ementium
1389 1685 1464 1726 tibi
1502 1687 1693 1727 resistere
1719 1701 1794 1742 po-

416 1753 536 1794 tuit2.
577 1751 739 1792 Menses
763 1750 954 1804 pecuniae
980 1749 1194 1796 evertisti,
1231 1762 1309 1789 nee
1338 1764 1460 1790 ausus
1479 1749 1795 1806 suitjquisquam

415 1818 490 1859 tibi
517 1816 725 1857 resistere.
741 1813 860 1855 Bone
874 1814 988 1862 Jesn,
1004 1827 1152 1854 sonare
1169 1822 1533 1855 consueveratvox
1548 1824 1615 1856 tna
1635 1816 1674 1856 in
1691 1814 1796 1856 auri—

416 1883 493 1924 bus
518 1891 687 1923 tnorum
706 1912 716 1929 ‚
742 1888 784 1919 et
809 1894 910 1920 ecee
934 1879 1059 1920 hodie
1082 1888 1224 1919 mutus
1247 1879 1382 1920 sactus
1413 1895 1469 1921 es.
1511 1880 1658 1921 Facies
1696 1896 1795 1937 ergo

416 1957 486 1989 tna
510 1948 631 2004 plena
659 1944 912 2001 gratiarnm,
953 1944 1080 1984 hodie
1103 1944 1350 1985 „Iudaeorum
1377 1944 1507 2001 sputis
1543 1946 1794 1986 maculatur.

417 2013 508 2056 Non
535 2011 714 2067 amplius
737 2010 847 2051 dicet
872 2009 947 2050 tibi
970 2008 1102 2051 Mater
1123 2017 1191 2050 tna
1216 2009 1448 2050 :uDomine
1466 2043 1475 2058 ,
1502 2011 1675 2052 ostende
1694 2010 1795 2051 mihi

417 2100 431 2117 »
449 2079 598 2120 faeiem
621 2087 734 2118 tuam
756 2074 1000 2122 decoramf‘,
1022 2096 1036 2113 ι)
1062 2084 1104 2116 et
1121 2075 1220 2116 salvi
1242 2075 1418 2127 erimus,
1444 2077 1641 2131 quoniam
1664 2078 1795 2118 multo

417 2143 647 2201 opprobrio
669 2141 828 2197 repleta
852 2149 929 2181 est.
971 2140 1189 2196 Quidquid
1213 2140 1325 2180 euim
1349 2141 1575 2182 desiderari
1598 2151 1792 2198 poterat,

419 2208 625 2265 quidquid
641 2205 786 2248 salutis
805 2207 868 2246 vel
887 2206 1044 2262 gratice,
1060 2205 1099 2245 iu
1116 2206 1221 2246 facie
1245 2215 1312 2247 tua
1331 2205 1796 2254 inveniebatur,ob0ne

418 2275 620 2321 Domine,
649 2281 872 2327 autequam
899 2271 1035 2312 anima
1059 2279 1130 2312 tua
1152 2280 1259 2312 esset
1294 2271 1420 2312 tristis
1455 2279 1585 2327 usqne
1610 2273 1660 2313 ad
1683 2287 1796 2313 unor-

419 2340 548 2391 tem‘²‚
569 2347 793 2395 antequam
819 2338 973 2379 taedere
995 2346 1036 2379 et
1054 2353 1205 2394 pavere
1224 2337 1459 2394 coepisses⁵.
1483 2333 1564 2380 Sed
1580 2338 1682 2379 heu!
1709 2338 1796 2380 Do-

467 2465 477 2485 1
499 2461 577 2493 Psnl.
593 2469 729 2495 mxxux,
749 2468 841 2489 xo.-
861 2455 876 2477 2
893 2456 1011 2489 Matth.
1031 2468 1172 2500 xx1‚12‚
1198 2458 1302 2491 13.—
1319 2454 1333 2479 3
1349 2458 1493 2497 Caut.1r,
1513 2464 1564 2494 14.
1582 2476 1624 2481 —
1641 2456 1654 2479 ⁴
1669 2458 1787 2492 Mauh.

418 2530 506 2556 xxvi,
531 2519 584 2548 38.
604 2534 643 2540 —s
658 2512 670 2535 5
686 2517 787 2547 Marc.
805 2524 872 2551 mv,
895 2515 950 2547 33.

468 2599 517 2645 (ι)
547 2603 611 2631 Has
636 2607 727 2629 voces
750 2595 929 2627 addidimus
945 2606 1006 2637 per
1030 2596 1183 2628 scissuras
1199 2597 1239 2629 ad
1266 2596 1491 2639 complendum
1517 2608 1658 2630 sensum.
1682 2615 1719 2622 -—
1745 2597 1798 2642 (2)

419 2661 514 2691 Deezt
533 2667 595 2687 non
611 2654 644 2687 iu
660 2653 730 2686 cod.
746 2658 818 2695 post
832 2651 1003 2695 numquid,
1024 2657 1054 2683 et
1072 2653 1116 2684 sic
1134 2663 1273 2696 semper.
