1868 3301
336 280 430 344 370
605 296 643 325 S.
684 294 929 326 AUGcsTmi
969 294 1171 325 EPISCOPJ
1207 292 1443 325 APPENDIX.

334 359 476 404 Levita
499 362 747 404 Laurentius
764 394 773 410 ‚
798 362 838 403 id
860 362 973 416 quod
994 361 1104 401 intus
1124 360 1306 409 latebat,
1335 360 1419 417 jam
1443 359 1620 416 amplius
1642 371 1710 400 ce-

336 427 422 478 lare
448 427 504 483 (1)
527 441 612 477 non
640 435 790 483 potest.
828 427 991 467 Clamat
1019 440 1118 481 orgo
1151 423 1399 467 Laurentius
1417 459 1426 476 ‚
1460 424 1712 466 vociferatur

336 494 464 537 cardo
486 492 598 534 orbis
628 502 751 541 terrze
778 493 862 547 (2);
894 492 1072 548 amplius
1102 500 1239 533 tacere
1266 493 1323 547 (5)
1358 507 1441 533 non
1467 498 1628 549 potest3
1656 488 1712 530 si-

330 560 415 601 lere
443 559 498 614 (4)
529 574 710 615 namque
731 574 813 600 non
837 559 1016 614 amplius
1040 573 1139 598 eum
1162 559 1285 599 (lecet
1305 573 1313 598 :
1332 575 1347 595 (ι
1365 558 1514 605 Disce,
1549 555 1708 612 inquit,

336 624 478 672 miser,
515 624 610 680 quia
648 624 852 666 carbones
889 623 945 663 lui
983 637 1065 663 non
1090 624 1316 670 ardorem,
1351 625 1422 664 sed
1451 621 1714 679 refrigerium

338 690 440 732 mihi
460 699 693 747 praestant.»
710 690 746 731 O
765 704 963 745 magnum
980 722 990 737 ‚
1017 703 1041 730 o
1065 689 1121 743 (5)
1150 688 1342 730 mirabile
1358 723 1366 735 ‚
1385 703 1408 730 o
1427 689 1584 745 grande
1602 701 1719 744 spec-

338 756 555 796 taculum!
594 770 618 796 o
659 753 753 796 fidoi
788 763 944 795 sanctae
973 754 1215 809 exemplum
1244 755 1251 794 ἔ
1294 754 1404 811 Ignis
1444 767 1626 810 namque
1656 751 1714 805 (6)

339 835 423 877 prae
457 821 653 862 omnibus
685 820 903 877 agentibus
927 828 990 861 est
1016 819 1330 876 potentissimus
1348 819 1389 860 in
1411 818 1692 876 imprimendo
1708 848 1718 864 ‚

339 887 626 928 velocissimus
664 886 706 926 in
741 886 958 927 alt‹=.ran‹10
980 917 990 932 ‚
1035 884 1300 926 acutissimus
1342 885 1384 926 in
1426 883 1687 942 penetrando
1706 916 1716 932 ,

342 952 634 996 acerbissimus
674 952 714 992 in
752 950 1001 1008 assligend03
1040 959 1083 992 et
1120 951 1264 992 beatus
1300 950 1444 993 Levita
1474 948 1722 993 Laurentius

342 1019 481 1076 ignem
521 1018 860 1075 potentissimum
897 1025 1068 1073 superat
1087 1050 1096 1064 ,
1132 1015 1446 1058 velocissimum
1489 1023 1720 1073 temperat,

343 1083 633 1127 acutissimum
658 1090 839 1128 mactat,
865 1081 1189 1122 acerbissimum
1213 1083 1399 1123 valenter
1424 1081 1613 1138 deglutit.

404 1149 472 1191 Ill.
504 1149 541 1191 O
564 1157 710 1190 sancto
734 1147 876 1189 Levita
906 1147 1085 1195 Christi,
1119 1147 1456 1189 Christianorum
1491 1155 1722 1204 protector,

344 1214 566 1261 viduarum
597 1216 855 1259 consolator,
891 1228 1122 1269 pauperum
1153 1220 1194 1254 et
1227 1210 1514 1269 orphanorum
1549 1220 1725 1258 amator,

347 1282 556 1328 bonorum
583 1279 782 1320 Ecclesisc
807 1279 990 1334 optimus
1014 1278 1307 1335 dispensator!
1334 1279 1438 1320 Vere
1461 1278 1585 1320 hodie
1608 1279 1730 1319 deco-

345 1345 447 1389 raris
485 1345 595 1395 inter
632 1359 777 1385 omnes
815 1343 1045 1401 Martyres,
1075 1352 1117 1384 et
1147 1344 1452 1385 demonstraris
1480 1343 1655 1385 nomine
1672 1342 1731 1384 fa-

349 1411 629 1459 mosissimus,
664 1409 791 1466 signis
830 1408 1198 1465 praeclarissiilnls,
1234 1410 1339 1450 sesto
1367 1408 1728 1456 solemnissimus,

350 1477 391 1519 in
417 1477 570 1519 throno
595 1475 934 1517 sublimissimus.
964 1476 1082 1517 Unde
1106 1475 1184 1516 hoe
1203 1508 1212 1523 ‚
1240 1476 1318 1516 nisi
1341 1477 1471 1533 gratia
1493 1475 1598 1518 Dei?
1620 1475 1733 1517 unde

351 1542 453 1590 hoc,
481 1543 576 1598 quia
600 1543 707 1583 bene
733 1541 920 1597 incoepst,
947 1549 989 1581 et
1014 1541 1161 1582 molius
1185 1540 1223 1581 in
1248 1542 1412 1582 cunctis
1433 1538 1731 1599 perseveravit,

353 1609 394 1650 in
421 1617 583 1649 tantum
609 1616 654 1648 ut
674 1608 797 1648 etiam
824 1615 1015 1662 tompore
1034 1606 1148 1663 pacis
1171 1620 1369 1648 coronam
1396 1606 1583 1664 martyrii
1601 1607 1735 1648 susci-

355 1689 455 1731 pere
484 1672 757 1729 dignaretur?
783 1671 865 1713 Sed
889 1673 995 1713 dicet
1021 1672 1113 1727 quis
1135 1687 1144 1711 :
1170 1672 1394 1722 Quomodo
1413 1681 1604 1730 tempore
1622 1672 1736 1729 pacis

357 1738 512 1780 invenit
533 1739 755 1779 coronant?
769 1737 983 1792 Numquid
1002 1744 1172 1777 sanctus
1189 1737 1296 1793 Papa
1313 1737 1473 1794 Xystus
1487 1738 1735 1794 martyrium

359 1804 443 1860 jam
468 1804 518 1845 de
542 1804 776 1860 propinquo
794 1818 878 1843 non
903 1802 1149 1859 receperat?
1168 1803 1373 1858 numquid
1395 1818 1477 1844 non
1496 1810 1537 1845 et
1563 1817 1661 1845 curn
1688 1817 1737 1845 oo

358 1870 641 1913 Felicissimus
664 1879 704 1911 ct
740 1870 941 1926 Agapitus
958 1902 968 1916 ,
993 1878 1145 1910 sanctae
1163 1869 1359 1910 Ecclesia}
1380 1869 1621 1912 Cardinales
1646 1872 1702 1927 (7)
1722 1867 1740 1910 ἱ)

361 1936 587 1988 Quomodo
609 1952 707 1993 crgo
729 1946 917 1992 temporo
942 1935 1059 1992 pacis
1083 1950 1282 1976 coronam
1316 1936 1503 1993 martyrii
1530 1935 1742 1978 adinvenit

360 2002 734 2044 LaurentiusPScd
757 2002 942 2042 breviter
962 2015 1076 2042 nunc
1094 2002 1331 2057 loquendo,
1353 2009 1518 2058 tempus
1547 2004 1605 2059 (8)
1629 2000 1742 2060 pacis

363 2068 542 2125 appello,
560 2070 671 2124 quod
688 2068 831 2110 Romae
851 2066 995 2109 fidelos
1016 2065 1190 2123 pacifice
1211 2068 1347 2108 vivere
1365 2075 1575 2124 poterant,
1597 2076 1638 2110 et
1654 2067 1744 2109 sine

368 2141 676 2196 persecutione.
703 2139 782 2180 Set
807 2139 902 2195 quia
920 2138 1074 2180 Decius
1092 2138 1336 2180 thesaurum
1356 2140 1467 2196 apud
1483 2138 1744 2181 Christianos

366 2220 455 2247 esse
466 2206 641 2254 sciebat,
656 2221 705 2247 cu
715 2206 830 2261 piens
840 2204 1024 2245 Ecclesia
1033 2219 1124 2245 rum
1136 2204 1378 2246 thesaurum
1390 2205 1615 2262 expoliare,
1629 2220 1747 2247 sanc-

370 2280 459 2313 tum
478 2271 676 2317 Ecclesiae
700 2278 826 2328 caput
853 2269 1108 2326 aggreditur,
1128 2279 1170 2311 et
1197 2283 1376 2312 renuens
1394 2271 1554 2327 Xystus
1582 2271 1747 2328 capitur

369 2345 411 2385 et
428 2336 650 2387 occiditur.
671 2337 754 2378 Sed
771 2336 803 2377 si
824 2336 1071 2376 thesaurum
1088 2335 1336 2393 Imperatori
1357 2335 1558 2385 dedisset,
1578 2336 1744 2385 fratres,

370 2411 565 2445 sanctum
590 2402 840 2460 martyrium
863 2416 946 2443 non
972 2402 1249 2459 suscepisset3
1277 2402 1352 2444 sed
1373 2402 1470 2458 quia
1495 2401 1747 2460 contempsit

417 2487 466 2531 (ι)
489 2488 569 2519 (jod.
597 2488 678 2519 male
705 2490 818 2520 lacere.
842 2506 881 2511 ψ·-
914 2488 960 2532 (2)
987 2491 1059 2519 Haec
1086 2487 1228 2520 difficilia
1249 2488 1436 2531 intellectu,
1458 2489 1519 2520 nisi
1542 2488 1694 2532 respicias
1712 2489 1751 2521 ad

374 2554 478 2586 voces,
499 2556 570 2587 quae
590 2546 683 2588 paulo
700 2551 768 2588 post
783 2551 974 2587 sequuntur,
991 2545 1139 2576 ecclesia?
1157 2545 1456 2586 Cardiuales.-—·(3)
1479 2545 1560 2580 cod.
1582 2552 1751 2580 tenere.—

373 2591 427 2642 (4)
442 2598 492 2631 Id.
509 2601 599 2631 scire.
620 2617 666 2624 —
685 2601 733 2644 (5)
753 2603 847 2634 Deest
866 2612 883 2631 ο
901 2601 935 2632 iu
953 2601 1024 2633 cod.
1046 2619 1094 2625 —
1110 2599 1167 2646 (6)
1185 2601 1233 2634 Id.
1257 2600 1411 2643 denique.
1430 2618 1475 2626 --
1498 2600 1551 2648 (7)
1569 2600 1753 2635 Cardinales

378 2657 523 2689 nondum
552 2663 645 2689 erant
670 2657 972 2702 institutiwtempore
991 2657 1220 2701 sanefiXysss,
1239 2668 1299 2689 nec
1322 2657 1417 2689 eliam
1443 2658 1543 2690 sancti
1566 2657 1758 2700 Augustini}

371 2713 464 2746 uude
481 2713 591 2767 prodit
605 2712 773 2746 evidenter
788 2713 915 2746 novitas
938 2712 1053 2745 horum
1073 2723 1272 2747 sermonum.
1292 2729 1347 2756 -Ι
1360 2710 1506 2758 (δὶςοᾰ.
1521 2722 1677 2755 imore.
