1868 3301
394 266 487 326 494,
652 281 686 310 s.
731 281 971 313 AUGuSTiul
1009 281 1214 313 EPISCOPI
1253 281 1491 315 APPEanx.

395 347 567 403 quidam
589 349 850 391 venationem
874 349 1028 391 faciens
1056 349 1095 390 in
1119 348 1232 405 sylva
1257 349 1479 406 agrestium
1504 349 1763 400 animalium,

394 414 464 470 qui
502 413 604 456 vidit
635 414 864 456 Antonium
902 415 1097 456 abbatem
1140 414 1394 470 gaudentem
1432 430 1528 456 cum
1566 414 1763 458 fratribus

394 480 500 527 suis,
537 487 579 520 et
618 480 829 536 displicuit
853 480 904 522 ei.
946 479 1099 522 Volens
1138 487 1276 520 autem
1307 494 1433 521 senex
1465 481 1688 521 ostendere
1705 480 1764 527 ei,

391 545 506 601 quod
529 553 696 601 oportet
724 546 948 601 aliquando
972 543 1313 586 condescendere
1336 544 1533 586 fratribus
1549 578 1558 591 ‚
1579 545 1681 587 dixit
1697 545 1734 587 ei
1756 560 1765 586 z

402 628 417 649 α
440 611 553 652 Pone
575 610 764 668 sagittam
785 611 825 651 in
847 625 947 652 arcu
969 618 1042 651 tuo
1058 643 1067 658 ,
1090 618 1132 651 et
1151 609 1292 657 trahe;
1312 617 1383 651 »et
1403 609 1500 651 fecit
1521 611 1592 651 sic.
1615 610 1666 651 Et
1683 610 1770 666 ipse

393 676 496 717 dixit
521 676 557 717 ei
583 691 625 718 :«
648 676 806 718 Iterum
839 675 985 723 trahe3
1028 695 1040 714 »
1071 684 1112 717 et
1146 675 1282 716 traxit.
1309 675 1361 717 Et
1392 690 1534 717 rursus
1560 674 1661 717 dixit
1691 675 1728 717 ei
1752 691 1760 717 :

405 759 419 777 a
440 739 577 782 Trahe
598 740 763 788 adhuc;
789 749 860 782 »et
882 740 984 782 dixit
1006 740 1044 781 ei
1063 748 1238 781 venator
1258 757 1266 780 :
1285 758 1299 779 α
1322 739 1363 781 Si
1383 755 1508 798 supra
1530 755 1772 782 mensuram

391 815 583 854 traxero,
608 804 825 862 frangetur
849 820 984 846 arcus.
1016 824 1030 843 υ
1062 805 1173 847 Dixit
1191 804 1228 846 ei
1249 805 1459 847 Antonius
1481 822 1489 847 z
1522 823 1536 844 ιι
1560 806 1618 847 lta
1645 815 1708 848 est
1730 805 1772 848 in

392 871 639 928 operatione
660 869 762 918 Dei3
784 869 816 911 si
835 871 1056 926 plusquam
1076 871 1142 911 vel
1158 870 1268 911 ultra
1285 885 1524 912 mensuram
1544 870 1772 917 tendimus,

392 935 539 978 fratres
559 936 643 977 cito
663 934 882 978 deficiunt.
909 935 1089 992 Expedit
1107 950 1206 992 ergo
1226 937 1289 978 vel
1312 937 1361 978 ad
1380 946 1641 978 momentum
1662 936 1773 977 horae

393 1016 464 1042 eos
496 1002 635 1042 laxare
666 1015 685 1041 a
719 1002 858 1057 rigore
880 1001 1074 1042 laborum
1097 1015 1286 1043 suorum.
1315 1019 1329 1039 υ
1358 1002 1457 1043 Haec
1481 1017 1580 1043 vero
1601 1010 1774 1043 venator

393 1066 569 1108 audiens
592 1074 876 1123 compunctus
899 1075 983 1115 est,
1013 1075 1054 1108 et
1071 1067 1251 1108 multum
1269 1065 1496 1123 proficiens
1523 1068 1563 1108 in
1582 1081 1775 1108 sermone

392 1130 709 1179 beatiAntonii,
723 1140 764 1173 et
788 1131 828 1172 in
850 1147 899 1172 eo
918 1130 1191 1189 proficiscens
1208 1131 1424 1179 discessit;
1449 1140 1491 1173 et
1512 1131 1660 1173 fratres
1679 1146 1777 1173 con·

395 1196 534 1238 fortati
560 1197 713 1238 reversi
749 1206 846 1239 sunt
870 1199 921 1239 ad
941 1198 1034 1238 loca
1062 1213 1149 1238 sua.
1179 1197 1356 1238 Maxime
1382 1207 1521 1238 autem
1549 1196 1651 1238 mihi
1675 1211 1776 1238 cura

393 1261 471 1303 fuit
493 1262 581 1304 haee
605 1262 678 1304 tibi
703 1263 911 1315 scribere,
939 1262 1249 1319 religiosissima
1283 1262 1429 1310 Mater,
1462 1271 1508 1304 ut
1530 1263 1686 1317 absque
1709 1275 1778 1318 pe-

396 1327 529 1369 riculo
555 1337 593 1369 te
621 1337 743 1369 caute
773 1328 985 1370 custodias
1002 1361 1012 1376 ,
1037 1327 1234 1369 videlicet
1257 1335 1300 1369 ut
1321 1342 1466 1369 curam
1492 1327 1680 1383 corporis
1702 1326 1779 1368 Dei

395 1392 563 1434 servitio
581 1408 664 1434 non
684 1393 924 1450 imponas(1
940 1396 969 1449 )‚
990 1402 1032 1435 et
1052 1400 1098 1435 ut
1121 1408 1265 1434 rursus
1286 1392 1362 1434 Dei
1379 1392 1594 1434 servitium
1611 1392 1778 1449 expiere

397 1473 526 1515 queas
543 1490 552 1506 ,
577 1459 744 1516 corpori
770 1460 1000 1501 necessaria
1027 1459 1266 1500 ministrare
1289 1473 1371 1500 non
1394 1457 1590 1515 negligas,
1624 1458 1779 1500 Admo-

398 1538 499 1566 nere
521 1525 701 1565 subinde
720 1533 833 1566 tuam
856 1524 1126 1566 dilectionem
1151 1539 1234 1565 non
1250 1539 1384 1572 cesso,
1401 1538 1641 1580 quanquam
1660 1532 1779 1564 tuum

398 1589 559 1630 bonum
593 1589 778 1631 studium
811 1598 959 1631 notum
988 1589 1040 1631 sit
1073 1589 1192 1636 mihi,
1224 1590 1298 1631 sed
1325 1598 1367 1630 et
1393 1604 1507 1630 nunc
1542 1589 1776 1635 admoneo,

405 1664 449 1695 ut
473 1654 512 1695 in
544 1654 640 1696 loco
669 1655 746 1696 isto
763 1687 773 1703 ,
810 1662 903 1710 post
939 1654 1252 1695 Continentiam
1276 1653 1487 1710 corporis,
1512 1650 1776 1695 discretionis

402 1718 600 1760 virtutem
623 1719 839 1761 memoriae
861 1726 1027 1766 teneas,
1054 1729 1262 1774 quantum
1283 1727 1416 1775 potes.

928 2054 1105 2100 CAPUT
1140 2055 1249 2098 VIII.

886 2183 946 2223 De
977 2183 1302 2240 Compunclc'one.

469 2342 518 2383 Et
538 2340 634 2397 quia
663 2339 953 2396 Compunctio
979 2338 1018 2379 in
1043 2338 1158 2379 omni
1183 2339 1302 2388 loco,
1327 2338 1413 2380 sive
1437 2337 1478 2379 in
1512 2338 1628 2379 omni
1662 2352 1786 2394 opere

410 2416 474 2450 est
502 2405 736 2447 necessaria
753 2438 762 2451 ‚
788 2404 864 2446 tibi
891 2404 1228 2446 commendanda
1255 2412 1317 2445 est
1341 2404 1427 2460 ipsa
1450 2403 1580 2444 virtus
1600 2436 1611 2452 ,
1638 2412 1787 2459 quate-

409 2488 488 2516 nus
510 2479 551 2513 ct
578 2468 919 2512 mortificationis
944 2469 1083 2511 studio
1117 2468 1318 2525 jungatur
1352 2468 1653 2525 Compunctio.
1682 2468 1786 2510 Puto

413 2538 525 2581 enim
543 2536 657 2593 quod
679 2550 775 2577 vera
795 2534 1066 2577 mortificatio
1088 2535 1138 2577 ab
1158 2535 1296 2591 aliquo
1319 2534 1522 2593 possideri
1542 2549 1626 2576 non
1640 2534 1783 2591 possit,

462 2646 467 2675 f
480 2654 491 2673 ι
506 2669 507 2673 ,
529 2641 561 2672 ld
578 2647 621 2671 est
645 2653 705 2670 uon
723 2651 899 2681 prteponas
916 2653 923 2677 ;
939 2647 968 2671 et
984 2640 1028 2671 sic
1047 2641 1126 2670 forte
1145 2638 1362 2671 scribendum.
