1885 3284
613 313 756 343 senno
792 312 912 349 mvi,
954 313 1006 341 ηε
1044 311 1201 342 (uiues.
1509 300 1601 355 245

225 394 301 438 per
322 388 459 422 totum
480 380 687 421 muudum
713 379 928 427 recolitur,
952 379 1048 434 quia
1076 387 1185 420 totus
1208 381 1391 421 mundus
1414 395 1486 437 per
1505 395 1606 422 cru-

224 461 316 488 cem
340 444 563 503 magnifice
585 445 804 494 liberatur,
832 453 873 486 et
891 444 1095 500 quidquid
1123 445 1162 486 in
1180 446 1305 487 laude
1326 447 1464 487 crucis
1489 447 1600 488 cani-

223 520 308 560 tur,
335 511 491 554 Christi
509 511 768 569 praeconium
792 509 989 552 efficitur.
1011 510 1090 561 Qui
1112 511 1224 552 enim
1249 511 1404 553 Christi
1429 527 1603 554 crucem

223 578 349 635 digne
366 578 534 626 laudat,
557 577 772 619 Christum
792 577 890 618 inea
911 591 1078 634 passum
1093 576 1218 634 digne
1243 578 1455 634 praedieat.
1472 578 1602 620 Recte

222 657 326 686 crux
344 644 421 686 ista
441 642 576 685 fidelis
593 651 657 685 est
676 675 686 690 ‚
712 652 754 685 et
775 657 869 699 spes
885 642 1129 699 resurgendi
1153 651 1295 685 nostra
1318 653 1393 686 est.
1412 644 1601 686 Descen-

222 708 283 750 dit
304 709 429 766 igitur
451 708 563 751 Deus
585 717 779 751 naturam
799 708 1026 750 humanam
1052 709 1302 750 assumendo
1316 741 1326 759 ,
1343 717 1389 750 ut
1408 717 1600 751 naturam

222 774 451 816 humanam
480 789 556 832 per
582 789 753 816 crucem
777 774 1016 816 redimeret.
1043 773 1085 815 Si
1106 774 1290 832 Angelos
1315 775 1524 816 redimere
1537 789 1605 816 vo-

220 840 386 887 luisset,
415 840 647 897 angelicam
672 847 865 881 naturam
887 840 1033 896 utique
1057 841 1374 897 assumpsisset3
1403 841 1476 882 sed
1510 841 1607 897 quia

221 906 330 948 solos
350 906 541 947 homines
563 906 710 961 dignos
734 905 1026 962 redemptione
1045 905 1265 963 cognovit,
1292 906 1387 947 ideo
1408 921 1483 962 per
1505 920 1603 962 gra-

221 971 321 1013 tiam
341 986 458 1013 suam
474 1004 484 1020 ‚
509 979 704 1013 naturam
738 972 969 1013 humanam
992 980 1034 1013 et
1056 972 1250 1013 servilem
1290 986 1514 1030 personam
1542 986 1604 1013 ra-

222 1037 478 1079 tionabiliter
501 1037 749 1094 assumpsit,
777 1045 823 1078 ut
847 1036 900 1078 ita
924 1037 983 1093 (1)
1012 1046 1148 1078 morte
1172 1037 1387 1079 destructa
1406 1069 1415 1084 ,
1436 1052 1512 1078 nos
1529 1052 1604 1094 per

220 1117 394 1146 crucem
418 1104 609 1145 salvaret.
649 1102 756 1145 Cum
779 1103 892 1144 enim
926 1102 1052 1144 audio
1078 1102 1296 1145 Christum
1337 1103 1389 1145 ad
1419 1111 1601 1145 mortem

220 1169 359 1212 crucis
395 1169 664 1212 descendisse
680 1201 689 1216 ‚
725 1177 767 1211 et
804 1168 929 1210 tertia
971 1169 1037 1210 die
1075 1169 1377 1217 resurrexisse,
1418 1184 1442 1211 o
1474 1184 1601 1226 quam

219 1234 389 1291 grandis
408 1250 502 1291 spes
522 1233 847 1276 resurrectionis
869 1233 908 1275 in
922 1249 988 1275 me
1007 1234 1234 1276 roboratur
1253 1234 1271 1275 Ξ)
1293 1233 1377 1276 Sed
1397 1234 1509 1276 dicet
1531 1235 1603 1277 ali-

219 1300 327 1356 quis,
340 1300 556 1356 quiaDeus
568 1300 709 1342 omnia
723 1299 860 1340 facere
878 1308 1060 1355 poterat,
1078 1299 1172 1341 ideo
1187 1315 1406 1357 resurgere
1424 1300 1598 1357 optime,

219 1367 387 1423 quando
413 1366 563 1414 voluit,
584 1365 747 1422 potuit3
772 1367 846 1407 sed
869 1380 945 1422 ego
969 1365 1123 1422 fragilis
1140 1373 1181 1407 et
1201 1366 1341 1408 carnis
1355 1367 1601 1408 conditione

218 1439 500 1487 praegravatus
517 1464 528 1480 ‚
555 1431 797 1487 quomodo,
834 1431 866 1472 si
889 1439 1081 1472 mortuus
1112 1430 1259 1479 fuero,
1286 1430 1531 1488 resurgam?
1563 1432 1600 1474 O

217 1494 372 1543 homo,
397 1496 470 1553 qui
491 1496 588 1538 talia
609 1495 794 1551 loqueris
824 1497 888 1537 vel
913 1496 1092 1553 cogitas,
1118 1495 1225 1538 scias
1249 1498 1364 1552 quod
1386 1496 1497 1537 hanc
1519 1497 1598 1538 de-

219 1560 423 1602 bilitatem
448 1562 511 1619 (2)
546 1561 712 1603 cunctis
745 1560 940 1603 fidelihus
979 1561 1170 1603 Salvator
1201 1562 1402 1610 abstulit,
1428 1576 1597 1603 carnem

217 1626 410 1682 fragilem
439 1628 716 1676 assumendo;
755 1626 834 1668 nisi
868 1627 981 1668 enim
1011 1627 1203 1670 Salvator
1226 1628 1267 1668 in
1304 1642 1482 1684 corpore
1505 1641 1599 1669 meo

219 1691 385 1734 hostem
409 1707 551 1734 meum
574 1693 847 1741 debellasset,
883 1695 1042 1735 nullam
1080 1693 1282 1736 fiduciam
1306 1693 1410 1735 mihi
1440 1702 1598 1736 contu-

218 1756 347 1799 lisset.
377 1757 594 1815 Numquid
611 1757 779 1801 Christo
804 1769 1074 1816 resurgente,
1100 1760 1233 1801 multa
1258 1773 1437 1817 corpora
1467 1759 1598 1802 Sanc·

219 1829 361 1864 torum
383 1837 468 1864 non
500 1824 560 1880 (5)
580 1823 930 1866 resurrexerunt?
952 1825 1161 1882 numquid
1184 1839 1268 1867 non
1291 1833 1334 1867 et
1355 1825 1498 1867 multis
1532 1841 1599 1884 ap—

217 1887 483 1944 paruerunt?

277 1952 329 1995 II.
366 1953 477 2010 Ergo
499 1953 656 1996 Christi
680 1969 852 1997 crucem
886 1955 1198 2013 praedicemus,
1219 1965 1261 1998 et
1279 1957 1499 1999 laudemus
1519 1990 1530 2007 ,
1561 1965 1604 1999 et

219 2026 338 2060 tanto
362 2020 615 2061 sacramenti
639 2019 758 2077 signo
779 2030 921 2063 nostra
939 2023 1067 2064 corda
1095 2022 1351 2065 muniamus.
1394 2022 1490 2065 Sive
1523 2038 1600 2065 co·-

218 2084 439 2126 medamus
458 2116 468 2132 ,
492 2083 578 2127 sive
593 2085 788 2128 bibamus
809 2118 818 2135 ,
843 2087 929 2129 sive
949 2088 1189 2143 loquamur,
1209 2088 1294 2130 sive
1313 2089 1573 2131 dormiamus
1587 2121 1598 2140 ‚

218 2149 304 2191 sive
324 2149 566 2207 vigilemus,
599 2151 686 2193 sive
722 2167 970 2209 pergamus,
997 2153 1082 2194 sive
1130 2162 1287 2196 stemus
1310 2185 1319 2202 ‚
1360 2154 1401 2196 in
1435 2155 1600 2197 cunctis

218 2230 311 2272 quae
331 2217 508 2273 agimus,
525 2231 691 2274 semper
704 2217 860 2261 Christi
883 2234 1054 2261 erucem
1074 2218 1257 2261 seramus
1271 2253 1282 2272 ,
1305 2228 1347 2262 et
1368 2221 1427 2263 sic
1451 2220 1596 2263 armati

220 2280 488 2323 defensemur
508 2282 558 2323 ab
581 2282 701 2324 hoste
722 2284 922 2341 maligno.
951 2285 997 2326 Iu
1022 2284 1092 2325 illo
1118 2285 1300 2341 denique
1326 2286 1440 2343 ligno
1467 2300 1597 2344 agnus

221 2346 291 2390 ille
309 2349 509 2390 decoctus
526 2348 627 2397 fuit3
648 2349 742 2391 ideo
761 2350 887 2392 arbor
904 2351 984 2392 alta
1003 2359 1045 2392 et
1068 2351 1176 2392 bona
1204 2350 1282 2392 fuit
1297 2367 1306 2393 ε
1324 2352 1431 2394 bona
1444 2353 1598 2409 quippe

219 2413 352 2465 foliis,
377 2415 488 2457 bona
511 2414 688 2457 floribus
712 2425 753 2458 ct
774 2418 931 2474 optima
944 2417 1168 2465 fructibus.
1191 2417 1307 2460 Folia
1328 2418 1440 2460 enim
1460 2418 1598 2461 crucis

220 2480 350 2522 verba
369 2489 467 2523 sunt
487 2481 739 2539 evangelica.
762 2483 811 2524 Iu
832 2483 896 2526 his
917 2483 1030 2525 enim
1047 2483 1184 2525 verbis
1206 2483 1460 2535 invenimus,
1482 2484 1599 2542 quod

267 2587 319 2636 (1)
341 2590 420 2624 Cod.
440 2592 487 2624 in.
505 2609 553 2617 -—
571 2590 622 2636 (2)
642 2592 690 2626 Id.
707 2593 924 2627 dilectionem.
949 2613 991 2621 —
1008 2593 1061 2639 (3)
1079 2598 1177 2628 Deest
1191 2593 1225 2641 in
1240 2595 1316 2632 cod.
1332 2607 1396 2628 non
1410 2601 1484 2642 post
1497 2608 1599 2629 num-

221 2646 312 2690 quid,
328 2652 362 2681 εἰ
379 2647 425 2683 sic
437 2647 599 2694 deinceps.
