1868 3301
381 345 509 380 tmen
548 342 604 380 nn
641 344 844 380 omasus
880 343 1162 389 vmrurmus,
1199 343 1295 378 mc,
1431 332 1518 378 511

157 417 359 477 plurimos
378 417 550 472 laqueos
564 415 602 457 ei
624 416 797 474 apponit
819 414 1030 463 inimicus,
1046 428 1120 471 per
1135 429 1239 471 quos
1253 429 1404 472 capere
1425 429 1526 471 pos-

157 483 210 527 sit
234 484 438 525 incautos.
474 480 566 523 Non
595 489 658 523 est
686 481 831 538 utique
857 480 978 522 facile
1006 479 1249 522 hominibus
1275 480 1405 522 vitare
1430 480 1524 522 uni-

157 563 296 591 versas
317 546 489 588 insidias
508 545 706 594 hominis,
726 547 799 588 sed
820 561 938 588 mens
960 545 1002 586 in
1026 544 1165 586 divino
1177 544 1323 587 solatio
1335 544 1525 603 vigilans,

157 619 403 670 argumenta
432 619 475 653 et
493 609 826 653 machinationes
846 610 1006 667 antiqui
1028 609 1158 652 hostis
1182 610 1371 653 destruit.
1394 609 1530 653 Theo-

158 678 299 722 dosius
331 690 515 732 namque
544 675 773 733 imperator
802 675 952 718 habuit
986 674 1222 733 passionem
1252 674 1428 724 furoris,
1453 676 1529 718 sed

158 758 255 786 cum
279 742 422 784 surore
445 741 693 783 immensam
718 741 1013 783 crudelitatem
1038 740 1247 783 commisit
1273 742 1351 796 (t).
1385 740 1529 792 Quare

157 807 384 852 Theodosii
405 821 480 864 pro
502 816 574 849 tua
597 806 796 855 utilitate,
817 807 859 848 id
881 815 961 855 est,
989 815 1034 847 ut
1057 806 1098 848 in
1121 806 1375 864 supradictis
1392 805 1530 849 virtu-

159 874 272 917 tibus
293 889 343 916 ex
363 872 454 929 ejus
477 872 658 915 lectione
688 871 901 930 proficias,
941 872 1100 915 factum
1131 872 1416 915 necessarium
1447 880 1525 915 est.

160 939 314 982 Civitas
343 938 640 981 Thessalonica
668 940 727 994 (2)
763 938 932 995 grandis
965 946 1028 979 est
1049 947 1090 980 et
1123 939 1325 995 populosa
1350 971 1360 985 ,
1383 939 1424 980 in
1448 953 1531 994 qua

158 1019 256 1047 cum
283 1004 428 1046 fuisset
450 1003 600 1046 seditio
632 1018 782 1060 magna
803 1035 812 1052 ‚
848 1004 1020 1059 quidam
1052 1019 1100 1046 ex
1125 1003 1338 1058 judicibus
1361 1004 1534 1060 lapidati

159 1078 256 1112 sunt
275 1102 285 1118 ‚
306 1078 429 1126 atque
451 1069 572 1111 tracti
593 1084 668 1126 per
690 1069 900 1111 civitatem
918 1102 928 1117 ‚
954 1077 995 1111 et
1017 1070 1066 1111 ad
1091 1070 1293 1111 ultionem
1318 1069 1529 1112 decollati.

158 1135 240 1177 Ista
257 1135 369 1176 enim
388 1136 439 1176 de
459 1149 581 1176 causa
605 1134 845 1190 indignatus
876 1134 1138 1176 Theodosius
1154 1166 1164 1182 ‚
1195 1135 1422 1176 iracundia:
1447 1149 1536 1177 non

157 1200 382 1242 refrenavit
432 1198 724 1241 infirmitatem
743 1232 753 1248 ‚
796 1201 869 1242 sed
899 1199 1021 1255 jussit
1044 1199 1198 1255 injuste
1221 1200 1380 1256 gladios
1410 1214 1539 1257 super

159 1265 400 1322 evaginari,
442 1273 485 1306 et
517 1280 599 1306 una
622 1279 720 1306 cum
756 1265 1009 1307 nocentibus
1043 1265 1291 1307 innocentes
1323 1264 1534 1314 intorimi;

158 1339 319 1388 septem
342 1329 470 1371 millia
495 1330 620 1372 etiam
644 1329 866 1372 hominum
887 1363 897 1378 ,
928 1331 1038 1372 sicut
1058 1330 1209 1377 fertur,
1238 1332 1373 1372 occisa
1398 1339 1496 1372 sunt
1518 1363 1529 1379 ,

158 1395 317 1451 judicio
339 1409 426 1437 non
451 1396 739 1451 praecedente,
766 1397 836 1436 sed
853 1404 1052 1452 tanquam
1071 1395 1261 1437 animalia
1281 1410 1426 1437 omnes
1448 1396 1538 1452 qui-

158 1461 254 1504 dem
279 1459 407 1502 occisi
441 1468 552 1502 sunt.
597 1460 850 1514 Hujusmodi
888 1462 1069 1517 plateam
1102 1462 1270 1518 plenam
1308 1462 1536 1518 gemitibus

160 1525 317 1568 audivit
341 1525 615 1572 Ambrosius;
636 1533 677 1566 ct
705 1540 802 1566 cum
826 1526 1024 1582 princeps
1047 1525 1309 1567 Theodosius
1333 1527 1537 1568 Mediola-

158 1605 259 1633 num
279 1590 482 1636 venisset,
497 1597 538 1630 et
560 1590 806 1631 solemniter
823 1590 864 1630 in
889 1598 1083 1631 sanctum
1109 1591 1316 1646 templum
1338 1592 1539 1634 voluisset

157 1656 339 1702 intrare,
366 1654 554 1696 occurrit
572 1654 610 1695 ei
637 1653 747 1694 soras
770 1655 820 1695 ad
848 1653 996 1709 januas
1020 1654 1169 1695 beatus
1192 1654 1440 1697 Ambrosius
1460 1688 1471 1704 ,
1497 1665 1540 1699 et

159 1720 465 1778 ingredientem
491 1718 554 1760 his
588 1719 855 1760 sermonibus
883 1734 902 1759 a
922 1719 1066 1775 templi
1088 1720 1278 1777 ingressu
1300 1720 1533 1777 prohibuit.

172 1804 187 1823 α
204 1784 349 1829 Nescis
367 1816 378 1831 ,
403 1784 653 1840 Imperator,
680 1793 932 1841 perpetratae
966 1785 1162 1841 nequitia}
1189 1801 1209 1826 a
1237 1789 1276 1827 te
1298 1795 1453 1842 quanta
1484 1788 1537 1830 sit

159 1850 425 1908 magnitudo;
446 1864 542 1890 nam
560 1850 992 1906 postscandalu1n(5)
1015 1850 1120 1891 tanti
1139 1850 1307 1899 suroris,
1324 1861 1528 1896 menstua

161 1915 335 1959 Veniam
353 1914 523 1971 petiisse
543 1914 706 1971 peccati
727 1929 809 1956 non
831 1916 888 1970 (4)
922 1915 1207 1971 cognoscitur,
1223 1930 1532 1971 quamcausam

165 1982 224 2034 (5)
241 1979 438 2038 prohibet
462 1987 646 2035 potestas
665 1979 848 2036 imperii.
883 1980 1015 2022 Decet
1033 1985 1173 2022 tamen
1196 1989 1243 2022 ut
1265 1981 1405 2023 vincat
1424 1983 1533 2026 ratio

159 2052 428 2104 potestatem.
461 2043 642 2085 Scienda
667 2045 822 2100 quippe
834 2053 986 2086 natura
1004 2054 1081 2093 est,
1105 2054 1146 2087 et
1170 2045 1261 2100 ejus
1283 2047 1534 2096 mortalitas.

162 2120 287 2167 atque
318 2109 545 2157 resolutio,
577 2117 620 2151 et
651 2109 815 2166 pulvis,
851 2125 901 2151 ex
939 2125 1022 2166 quo
1045 2109 1147 2152 facti
1167 2119 1294 2166 atque
1317 2111 1536 2168 redigendi

162 2184 261 2220 sunt
280 2175 323 2217 in
349 2190 448 2217 eum
470 2174 665 2216 homines
682 2207 692 2223 ,
719 2180 761 2217 et
784 2190 866 2217 non
891 2175 930 2217 in
955 2175 1060 2217 flore
1081 2191 1295 2233 purpureo
1317 2175 1540 2221 confiden-

162 2241 262 2284 dum
278 2271 291 2292 ‚
315 2241 388 2282 sed
404 2247 573 2297 oportet
592 2240 860 2282 considerare
880 2239 1146 2283 infirmitates
1173 2241 1362 2299 cooperti
1381 2257 1536 2301 corpo-

161 2305 217 2348 ris
238 2338 248 2354 ,
267 2313 309 2346 et
332 2303 599 2346 infirmitates
623 2305 900 2361 coaequalium
924 2305 1161 2348 hominum.
1189 2306 1281 2349 Non
1303 2314 1367 2348 est
1404 2307 1538 2350 confi-

162 2371 351 2414 dendum
388 2370 430 2413 in
466 2385 676 2428 purpura,
715 2373 788 2413 sed
827 2372 959 2429 magis
996 2372 1348 2414 considerandum
1385 2382 1472 2423 est,
1510 2390 1536 2418 0

161 2437 359 2495 princeps
381 2436 634 2493 imperator,
662 2439 776 2494 quod
806 2439 863 2495 (6)
887 2453 994 2480 unus
1016 2447 1078 2480 est
1097 2439 1212 2481 Deus
1232 2439 1421 2481 omnium
1437 2455 1534 2490 rex,

162 2510 204 2544 et
224 2502 416 2544 omnium
440 2495 621 2545 creator.
657 2502 823 2554 Quibus
850 2503 976 2562 igitur
1002 2502 1136 2546 oculis
1157 2503 1330 2546 Domini
1362 2504 1535 2562 aspicies

212 2596 260 2640 (ι)
280 2596 359 2630 cod.
381 2596 543 2640 permisit.
567 2613 614 2622 -—
634 2596 683 2641 (α)
708 2598 756 2630 Id.
786 2598 1027 2633 Theosolimiea.
1052 2617 1096 2623 —
1122 2596 1172 2641 (3)
1193 2598 1240 2632 1d.
1262 2610 1407 2631 causam.
1421 2616 1468 2625 —·
1486 2599 1536 2645 (4)

162 2655 261 2686 Deest
276 2654 386 2686 nonin
412 2652 483 2686 cod.
500 2670 546 2678 -
563 2652 613 2695 (5)
631 2655 728 2685 Forte
746 2653 915 2696 legendum
932 2656 1023 2696 quod
1041 2666 1135 2687 sane.
1149 2672 1196 2681 —-
1213 2653 1268 2700 (6)
1285 2657 1381 2687 Deest
1401 2653 1538 2696 quadiu

162 2707 235 2741 eod.
