1868 3301
344 200 486 232 sEnMo
522 200 670 239 Lxxiv,
712 199 766 230 nn
802 200 835 230 s.
877 199 1055 231 TnouAs
1092 200 1331 233 APOSTOLO.
1440 184 1532 249 393

168 267 271 326 quid
292 266 429 310 facere
455 282 531 310 nos
554 267 808 324 possumus?
840 266 1052 324 Numquid
1081 269 1238 325 aliquid
1267 268 1400 312 honi?
1429 270 1534 313 Om-

168 332 269 376 nino
298 333 494 382 minime,
521 333 646 375 etiam
672 334 734 375 vel
765 333 962 390 cogitare.
996 333 1102 375 Mala
1133 335 1312 391 denique
1335 335 1422 377 siue
1446 335 1534 376 Deo

168 398 305 442 facere
335 414 557 457 possumus
588 399 661 441 sed
696 414 716 440 a
744 398 865 440 malis
894 413 1111 456 resurgere
1135 399 1222 441 sine
1247 402 1333 441 Deo
1353 400 1534 441 nullate-

168 480 246 508 nus
266 465 438 507 omnino
457 466 657 507 valemus.
688 464 952 507 Sufficientes
973 479 1072 522 ergo
1091 480 1234 507 sumus
1253 466 1303 507 ad
1320 466 1443 512 mala,
1466 464 1537 506 sed

168 530 303 573 omnis
337 539 477 573 nostra
510 529 758 573 sufficientia
782 546 802 572 a
826 530 944 572 malis
968 532 1224 587 resurgendo
1243 546 1291 571 ex
1312 530 1399 572 Deo
1423 539 1485 572 est
1502 529 1531 571 ’.

169 596 307 638 Simus
328 612 428 654 ergo
446 597 522 654 ipsi
547 597 612 654 (ι)
637 596 796 645 fideles,
822 596 918 652 quia
940 596 1028 637 sine
1053 595 1133 637 fide
1168 596 1241 652 ipsi
1265 597 1430 653 placere
1454 610 1537 636 uon

167 677 405 720 possumus.
442 663 479 705 O
508 663 629 705 beata
667 661 844 704 fidelitas
866 694 875 710 ,
913 677 1004 719 quae
1042 661 1232 703 homines
1264 662 1372 703 Deos
1408 661 1535 708 sacis,

169 743 260 785 quae
290 728 482 770 homines
518 729 605 770 Deo
640 727 885 785 conjungis,
930 743 1021 784 qua:
1058 727 1172 769 omui
1206 742 1305 767 auro
1336 736 1377 768 ot
1399 727 1537 784 lapide

169 793 354 851 pretioso
377 794 544 835 suavior
563 793 803 851 praedicaris
828 808 847 834 a
876 793 1039 835 cunctis
1061 794 1069 833 1
1096 808 1119 834 o
1142 792 1268 834 chara
1290 800 1330 833 et
1361 793 1538 834 amanda

169 859 407 917 possessio!
441 874 464 901 o
497 860 762 916 astringenda
793 859 1038 901 beatitudo!
1072 873 1095 899 o
1128 858 1338 915 diligenda
1359 856 1541 898 haeredi-

172 933 232 966 tas
254 922 438 967 filiorum
465 924 568 966 Dei!
594 924 737 972 Beati,
771 924 842 980 qui
872 932 912 966 te
936 924 1141 981 diligunt3
1170 923 1381 969 infelices,
1408 922 1478 978 qui
1502 930 1542 963 te

170 990 344 1032 odiunt!
369 990 505 1041 beati,
531 990 603 1047 qui
627 999 667 1032 te
689 998 912 1046 quaerunt3
937 989 1123 1031 damnati
1141 1022 1151 1037 ‚
1181 988 1251 1045 qui
1279 996 1318 1030 te
1350 987 1538 1044 fugiunt!

170 1055 297 1104 beati,
319 1055 390 1112 qui
409 1064 447 1097 te
459 1063 719 1113 agnoscunt;
743 1054 955 1097 maledicti
970 1087 980 1103 ,
1000 1055 1130 1111 quite
1153 1053 1417 1111 despiciunt!
1439 1053 1542 1095 Nam

170 1121 242 1177 qui
263 1131 301 1163 te
319 1120 485 1170 dilexit,
508 1120 740 1179 triumphat
761 1121 801 1162 in
822 1120 936 1163 coelis
952 1154 961 1168 ‚
984 1130 1025 1162 et
1047 1120 1117 1175 qui
1143 1128 1182 1161 te
1205 1120 1366 1167 odivit,
1391 1120 1544 1175 laqueo

172 1202 216 1228 se
237 1187 467 1244 suspendit.
495 1187 652 1230 Pilatus
689 1188 815 1229 etiam
850 1202 1008 1244 magnae
1044 1186 1302 1228 infidelitatis
1326 1186 1430 1227 suit:
1459 1185 1546 1240 ipse

171 1266 357 1309 namque
385 1252 443 1308 (2)
470 1252 642 1295 fratrem
665 1267 788 1295 suum
812 1251 1041 1309 proditorie
1064 1251 1246 1298 occidit,
1271 1252 1359 1292 zelo
1383 1249 1545 1291 invidia:

174 1316 458 1359 inflammatus
492 1318 655 1360 socium
697 1318 977 1359 dormientem
1002 1316 1134 1358 filium
1159 1317 1265 1373 regis
1296 1315 1542 1357 suffocavit:

176 1381 344 1424 tandem
381 1396 509 1424 manu
541 1383 709 1440 propria
745 1382 890 1425 Romae
922 1397 966 1423 se
998 1381 1177 1439 peremit
1209 1381 1290 1438 (ὃ).
1324 1381 1418 1423 Alta
1442 1395 1548 1421 uxor

174 1447 296 1504 Regis
320 1446 698 1505 Longobardorum
725 1447 814 1490 viro
834 1447 959 1489 fidem
979 1447 1118 1505 fregit,
1140 1461 1349 1489 venenum
1373 1446 1413 1487 in
1436 1445 1549 1503 geni-

177 1513 328 1556 talibus
350 1513 438 1554 viro
468 1514 696 1556 dormienti
727 1514 927 1571 imposuit
948 1523 989 1556 et
1009 1513 1190 1561 occidit,
1214 1527 1304 1568 quae
1333 1512 1373 1553 in
1401 1513 1548 1553 eadem

177 1586 302 1621 nocte
321 1593 342 1620 a
360 1577 530 1620 diabolo
555 1577 757 1621 suffocata
781 1579 991 1621 invenitur
1012 1578 1051 1620 in
1074 1580 1200 1620 lecto.
1228 1578 1355 1627 Ecce,
1381 1578 1546 1626 fratres,

178 1644 392 1701 quomodo
413 1642 604 1686 infideles
627 1652 834 1702 pereunt3
860 1659 961 1687 ecce
989 1644 1122 1700 qualis
1145 1652 1206 1686 est
1231 1657 1378 1685 eorum
1404 1641 1513 1685 finis.

238 1710 308 1752 ΙΙΙ.
345 1709 383 1752 Ο
419 1724 545 1767 quam
582 1711 814 1752 dolendum
842 1719 933 1759 est,
977 1724 1001 1752 o
1033 1725 1157 1766 quam
1192 1709 1476 1767 plangendum
1498 1708 1549 1750 de

180 1775 307 1819 fidem
325 1775 614 1833 frangentibus
634 1778 644 1818 !
667 1778 808 1834 Longe
822 1777 956 1833 maior
973 1776 1078 1818 fides
1100 1776 1312 1818 invenitur
1335 1776 1374 1817 in
1393 1775 1546 1822 brutis,

181 1856 307 1900 quam
332 1842 373 1883 in
395 1842 652 1885 hominibus.
679 1843 783 1886 Nam
806 1858 954 1885 canem
971 1843 1114 1886 Romae
1136 1842 1340 1891 vidimus,
1372 1842 1520 1883 fratres
1538 1870 1548 1889 ‚

182 1907 253 1965 qui
280 1915 438 1949 tantam
457 1906 585 1950 fidem
604 1908 777 1950 domino
798 1924 873 1950 suo
892 1908 1096 1958 servavit,
1122 1916 1168 1950 ut
1185 1908 1272 1965 ipse
1293 1906 1420 1949 homo
1438 1907 1551 1948 solus

183 1988 281 2016 cum
308 1988 412 2015 cane
437 1973 617 2017 inimicis
642 1974 840 2017 undecim
863 1975 1051 2022 obvians,
1081 1975 1264 2032 seipsum
1292 1973 1354 2028 (4)
1378 1973 1551 2014 illaesum

184 2039 411 2081 servaverit.
438 2039 525 2097 (5),
549 2040 727 2097 quinon
760 2042 896 2082 solum
929 2055 1015 2083 non
1049 2048 1111 2082 est
1149 2039 1344 2086 occisus,
1377 2039 1451 2080 sed
1475 2053 1552 2080 nec

184 2104 310 2147 etiam
332 2105 542 2147 vulnerari
565 2107 616 2148 ab
640 2107 778 2163 aliquo
799 2106 960 2164 potuit,
983 2114 1025 2148 et
1051 2106 1109 2148 sic
1132 2105 1305 2148 omnino
1327 2105 1477 2146 iliaesus
1501 2103 1550 2145 ab

186 2169 367 2213 inimicis
405 2171 535 2214 evasit
579 2173 652 2227 (6).
693 2172 908 2230 Numquid
949 2180 991 2214 et
1033 2171 1189 2214 ibidem
1232 2185 1378 2212 canem
1421 2169 1548 2211 alium

234 2285 246 2308 ¹
268 2297 285 2318 2
300 2287 374 2320 Cor.
395 2298 440 2323 ιιι,
457 2287 488 2320 5.

237 2374 285 2418 (ι)
301 2375 381 2409 Cod.
401 2373 484 2416 sibi,
503 2376 593 2408 etsie
613 2374 774 2420 deinceps,
794 2394 837 2400 ν-
856 2375 905 2421 (2)
923 2375 969 2408 Id.
991 2374 1146 2417 denique.
1168 2390 1213 2397 -
1232 2372 1281 2416 (3)
1308 2375 1404 2404 Deest
1421 2382 1453 2402 se
1464 2382 1558 2413 pere-

189 2428 258 2463 mit.
273 2447 311 2452 -
330 2425 382 2474 (4)
395 2429 476 2461 Cod.
491 2428 607 2471 ipsum,
620 2435 652 2461 et
665 2441 730 2462 non
746 2429 842 2462 habet
855 2441 899 2467 se,
913 2435 945 2461 et
958 2428 1073 2460 deinde
1090 2427 1204 2459 desunt
1230 2438 1294 2457 non
1313 2434 1359 2457 esc
1379 2431 1452 2457 ante
1473 2424 1559 2455 occi-

189 2495 252 2516 sus.
277 2503 324 2510 —
342 2480 396 2532 (5)
411 2485 460 2519 Id.
477 2486 671 2520 servavic.-
691 2487 739 2528 (6)
760 2486 951 2518 Oblitterata
967 2485 1093 2518 evanuit
1113 2495 1171 2517 vox
1194 2494 1265 2526 quae
1281 2482 1341 2515 hoc
1357 2482 1424 2514 loco
1442 2481 1559 2523 scripta

191 2546 279 2581 orat,
294 2551 406 2584 quam,
425 2547 459 2574 ut
476 2541 654 2586 potuimus,
679 2543 898 2586 supplevimus
