1885 3284
197 265 339 296 SERMO
366 266 497 304 LXXX,
523 265 568 295 IN
588 265 925 296 DECOLLATIONE
946 266 975 294 S.
1004 265 1195 295 JOANNIS
1221 265 1347 295 BAPT.
1374 266 1423 297 11.
1510 267 1560 313 ‘71

197 348 314 377 nunc
334 331 459 377 illum
475 331 550 394 qui
572 347 666 375 eam
687 330 875 394 amplius
894 329 1150 393 respiceret,
1170 329 1433 386 mirabatur3
1454 347 1571 375 nunc

197 401 371 448 elevatis
386 401 523 446 oculis
542 400 816 463 defluebat(1
831 402 845 464 )
858 401 902 445 in
914 399 1075 453 calces,
1094 416 1211 445 nunc
1228 400 1573 445 contrahebatur

197 471 420 534 inlrugam
440 509 448 526 ‚
470 481 512 516 et
530 470 636 516 dum
652 470 837 517 frontem
859 469 1037 529 detegit,
1058 469 1290 515 brachium
1311 469 1572 515 fastidiendo

200 541 352 587 nudat.
384 541 746 596 Moechabantur‚
774 539 934 586 credite
956 578 965 588 .
991 539 1317 584 discumbentes
1333 576 1344 596 ‚
1368 539 1444 602 qui
1468 556 1566 584 cum

201 612 312 657 flexu
334 612 575 657 incurvatae
596 611 787 657 mulieris
803 611 947 673 capita
963 609 1198 655 libidinosa
1209 609 1470 672 quassabant
1488 609 1571 670 (2).

200 681 239 726 Ο
263 681 433 735 mulier,
451 682 593 741 oregis
606 681 713 737 filia,
730 697 830 744 quae
848 697 949 726 cum
971 680 1124 724 saltare
1138 680 1259 739 virgo
1275 679 1479 742 coepisses
1489 679 1572 740 (3),

197 762 341 797 tantos
360 752 404 797 in
423 751 635 798 adulterio
655 752 822 811 generis
854 762 896 796 et
928 749 1111 814 pudoris
1131 767 1210 812 per
1234 749 1408 794 lenones
1422 748 1574 795 oculos

197 821 337 868 fecisti
375 822 551 868 maritos
571 859 582 878 ‚
613 822 819 885 placuisti
844 821 989 867 infelix
1007 820 1213 866 omnibus
1235 820 1444 867 vitiorum
1473 836 1570 865 ma-

198 892 355 952 gistris,
376 903 418 937 et
441 893 561 956 quod
582 903 644 938 est
665 893 854 955 amplius
870 891 1054 955 prodiga
1072 889 1288 950 sacrilegis
1310 890 1577 936 amatoribus

198 963 419 1026 placuisti.

265 1033 340 1080 lv.
382 1032 504 1078 Proh
522 1031 661 1079 nefas!
682 1032 780 1079 leno
799 1044 923 1096 pater
943 1043 1006 1078 est
1023 1069 1034 1089 ‚
1060 1043 1102 1078 et
1121 1031 1267 1077 nullus
1286 1041 1475 1077 accusat.
1493 1031 1576 1076 Ac-

199 1114 352 1149 cusant
378 1114 419 1148 te
439 1102 550 1162 leges
567 1138 579 1157 ,
601 1114 808 1148 accusant
828 1113 868 1148 te
892 1112 1108 1148 tormenta
1127 1139 1138 1158 ‚
1161 1100 1229 1147 vel
1249 1100 1412 1164 quibus
1440 1100 1576 1146 chara

199 1173 414 1236 pudicitia
438 1182 529 1226 est,
566 1189 645 1218 vox
669 1184 846 1218 accusat
866 1184 907 1218 te
927 1172 1088 1219 mariti.
1125 1172 1253 1217 Certe
1278 1181 1326 1217 ut
1352 1170 1578 1216 honestius

201 1243 360 1306 aliquid
384 1242 567 1287 sentiam
589 1279 600 1297 ‚
638 1242 717 1288 etsi
749 1243 883 1288 filiam
917 1253 1099 1306 paterna
1121 1241 1363 1287 reverentia
1386 1241 1577 1304 turpiter

200 1329 288 1358 non
309 1312 492 1376 respexit
513 1348 524 1369 ,
553 1322 694 1357 tamen
714 1313 833 1376 quod
855 1313 1030 1359 saltavit
1053 1349 1064 1368 ‚
1086 1322 1128 1357 et
1152 1312 1250 1357 leno
1273 1323 1417 1375 pater,
1445 1322 1487 1357 et
1504 1311 1578 1356 in-

200 1393 340 1428 cestus
354 1382 528 1430 amavit.
555 1382 717 1428 Mirum
730 1383 764 1427 si
781 1383 954 1429 castitas
978 1383 1040 1428 sic
1057 1382 1260 1428 decorata
1278 1393 1354 1429 est.
1372 1381 1411 1426 O
1433 1391 1575 1444 pater,

201 1454 463 1515 amplectere
489 1470 662 1498 uxorem
693 1453 839 1498 fratris
862 1491 873 1509 ‚
900 1463 1123 1517 parentem
1151 1453 1371 1512 sanguinis
1400 1451 1581 1497 libidini

204 1524 481 1587 mancipasti.
506 1524 720 1578 Docebat,
743 1524 941 1587 inquam,
957 1534 995 1569 te
1008 1523 1333 1587 caputJoannis
1348 1532 1571 1586 appetere,

199 1596 278 1658 qui
296 1594 412 1640 dicta
454 1594 658 1656 Martyris
675 1595 910 1657 respuebas
930 1631 942 1654 ,
970 1595 1043 1640 cui
1071 1594 1169 1639 felix
1182 1594 1356 1640 castitas
1374 1610 1463 1638 non
1484 1592 1578 1655 pla·

202 1665 344 1710 cebat.
369 1664 408 1711 O
430 1681 564 1724 genus
579 1701 590 1720 ‚
610 1681 635 1709 ο
656 1681 794 1710 mores
812 1701 822 1719 ,
850 1682 876 1710 o
899 1682 1055 1710 nomen
1072 1701 1082 1719 ‚
1105 1681 1130 1709 ο
1157 1680 1278 1708 error
1294 1661 1572 1709 insanabilis!

204 1735 360 1780 Merito
383 1751 486 1793 ergo
508 1745 548 1779 te
565 1771 575 1789 ,
603 1735 715 1780 sicut
733 1734 916 1794 legimus
939 1734 984 1780 in
1007 1734 1248 1797 Scripturis
1269 1733 1430 1779 divinis
1453 1753 1473 1774 (ι
1493 1734 1579 1778 Per

203 1828 225 1850 >³
246 1819 366 1853 artus
409 1807 642 1870 putribiles
676 1824 840 1854 vermes
862 1807 1031 1870 depasti
1059 1806 1202 1853 sunt1.
1229 1828 1248 1847 »
1272 1806 1425 1851 Filiam
1458 1815 1577 1850 tuam

202 1877 358 1937 glacies
379 1876 612 1922 decollavit
633 1878 700 1940 (4)
722 1914 732 1932 ,
766 1894 938 1923 uxorem
963 1876 1192 1941 proculam
1221 1875 1288 1939 (5)
1309 1876 1482 1921 caecitas
1503 1874 1574 1919 in-

202 1947 383 1994 terfecit.
413 1948 485 1993 sie
512 1946 798 2011 blasphemus
815 1947 1010 1998 eliditur,
1036 1948 1098 1992 sic
1116 1947 1322 2010 iniquitas
1345 1945 1551 2009 sepelitur
1568 1982 1578 1999 ‚

203 2019 263 2063 sic
290 2019 497 2063 sanctitas
520 2018 770 2064 vindicatur
792 2018 879 2081 (6).
911 2019 1021 2063 Nam
1042 2035 1119 2063 nos
1141 2055 1151 2075 ‚
1182 2017 1258 2081 qui
1280 2027 1493 2062 amatores
1513 2032 1582 2061 su·

205 2106 299 2134 mus
315 2088 524 2135 castitatis
547 2100 589 2134 et
610 2089 730 2153 pacis
747 2126 758 2145 ‚
787 2106 988 2150 rogemus
1005 2107 1153 2135 omnes
1173 2126 1184 2145 ,
1212 2100 1260 2134 ut
1285 2089 1341 2134 ab
1362 2086 1481 2134 omni
1501 2103 1580 2133 nos

204 2159 410 2206 illecebra
428 2159 647 2206 custodire
660 2160 879 2221 dignetur.
903 2162 1056 2208 Amen.

254 2292 265 2314 ¹
285 2294 357 2324 Act.
376 2303 438 2333 xri,
458 2294 516 2326 23.

259 2381 309 2422 (ι)
337 2381 388 2412 Sic
405 2381 479 2415 cod.
494 2383 590 2414 Forte
609 2381 696 2424 quod
716 2381 828 2415 melius
848 2393 856 2414 ε
881 2382 962 2413 Illos
979 2382 1174 2426 deflectebat
1191 2380 1222 2411 in
1242 2381 1359 2413 calces.
1376 2397 1422 2404 —
1438 2378 1489 2425 (2)
1503 2379 1584 2414 eod.

211 2435 477 2471 mccc—habacum..
496 2437 674 2478 quassabat
692 2451 701 2480 3
723 2437 804 2469 forte
817 2448 876 2479 per
890 2437 1056 2469 scribentis
1075 2447 1227 2469 errorem.
1245 2453 1290 2459 —
1312 2434 1361 2477 (3)
1374 2435 1454 2469 Cod.
1468 2435 1585 2477 coepis-

207 2501 266 2527 set.
289 2511 332 2516 —
355 2492 403 2535 (4)
423 2493 474 2525 Sic
491 2492 583 2530 cod.;
607 2493 689 2524 sorte
703 2494 892 2525 decalvavit.
910 2511 954 2518 —
972 2494 1023 2535 (5)
1047 2493 1202 2524 Proculus
1218 2492 1273 2524 ille
1289 2492 1405 2524 dicitur
1421 2492 1477 2534 qui
1494 2497 1587 2524 natus

206 2553 254 2579 est
276 2554 366 2590 patre
384 2549 515 2580 absente
527 2572 536 2587 ‚
562 2548 610 2579 vel
628 2558 645 2580 a
665 2555 753 2591 patre
772 2560 937 2593 progresso
958 2555 1062 2583 aetate.
1079 2567 1124 2573 —
1147 2549 1196 2590 (6)
1222 2548 1283 2580 Hic
1300 2559 1392 2580 error
1404 2548 1588 2580 manifestus

208 2601 481 2645 depr-ehenditur3
498 2609 559 2634 tres
577 2603 662 2635 enim
679 2603 814 2637 fuerunt
824 2605 989 2644 Herodes3
1011 2605 1132 2648 primus
1150 2603 1279 2646 quidem
1293 2603 1348 2645 qui
1362 2603 1478 2634 dicitur
1492 2606 1566 2646 Mag
