1868 3301
91 289 233 319 sar-uo
273 288 370 329 cxv,
399 288 445 317 m
474 286 627 317 mum
667 288 722 316 ss,
758 287 823 316 Ar.
870 286 993 316 emm
1032 285 1081 314 ET
1117 285 1247 315 mum
1283 284 1312 316 1.
1356 271 1449 331 349

86 363 126 396 et
151 353 333 409 quodam
372 351 606 409 praecipitio
629 351 670 392 in
697 366 839 393 saxum
869 351 927 407 (1)
955 351 1177 398 elidentes,
1211 351 1302 407 ejus
1330 364 1450 392 crura

85 418 395 475 confregerunt.
435 416 487 457 Et
509 417 588 457 hoc
613 416 654 458 in
682 418 958 473 opprobrium
994 415 1090 457 sacti
1128 416 1258 464 illius,
1301 424 1346 457 ut
1381 417 1452 472 qui

85 485 207 541 paulo
229 492 323 525 ante
339 483 476 524 volare
491 489 741 528 tentaverat,
768 482 908 524 subito
929 482 1090 538 plantas
1113 480 1306 522 amittens
1325 513 1336 529 ,
1364 495 1452 522 am-

85 550 228 591 bulare
252 562 334 589 non
359 555 495 603 posset
518 547 597 602 (2);
618 554 658 587 et
681 546 776 601 qnia
796 546 1023 587 diabolicas
1046 560 1202 602 pennas
1219 560 1453 602 assumpse-

82 622 169 660 rat,
196 623 241 654 ut
265 613 305 653 in
328 612 479 653 coelum
504 611 770 656 ascenderet,
798 611 936 653 divisis
958 611 1158 652 membris
1176 611 1216 651 in
1241 619 1348 652 terra
1369 612 1454 652 col-

82 680 197 726 lisus,
216 693 357 720 coram
380 677 493 720 omni
517 678 670 735 populo
695 677 874 733 turpiter
896 676 1074 732 jacuisse
1096 684 1353 717 monstratus
1374 684 1447 717 est.

83 743 166 786 Sed
187 759 239 786 ne
260 743 389 789 sorte,
429 743 577 784 fratres
594 775 603 790 ,
628 743 707 784 hoc
729 743 882 783 mirum
922 743 1128 788 videatur,
1162 742 1277 798 quod
1310 756 1454 796 magus

81 808 156 850 iste
176 816 299 863 atque
323 806 541 848 maleficus
566 807 624 861 (5)
652 806 929 863 praesentibus
948 805 1158 863 Apostolis
1177 821 1250 862 per
1274 808 1365 846 aera
1387 805 1454 845 ali-

80 872 332 930 quantulum
360 873 519 913 volaret
544 872 616 926 (4),
657 871 737 913 hoc
770 872 970 928 patientia
1002 872 1112 913 Petri
1137 880 1178 912 et
1199 871 1314 913 Pauli
1338 870 1450 911 fecit.

79 939 364 981 permiserunt
386 937 498 978 enim
523 936 640 977 illum
672 936 894 978 sublimius
922 937 1180 984 ascendere,
1222 946 1266 976 ut
1298 937 1349 977 de
1373 936 1455 976 alto

80 1018 174 1045 eum
195 1003 466 1044 ostenderent
489 1001 694 1043 cecidisse
729 1003 785 1056 (ὁ)
807 1018 816 1049 ;
858 1003 1081 1043 voluerunt
1103 1017 1200 1043 eum
1221 1003 1455 1057 aliquantu-

78 1070 164 1111 lum
183 1068 287 1109 aeris
303 1067 342 1108 in
357 1068 523 1122 excelso
537 1067 664 1108 levari
684 1082 702 1107 a
723 1076 951 1123 conspectu
976 1068 1162 1107 omnium
1183 1068 1454 1124 populorum,

77 1143 125 1176 ut
151 1134 220 1175 illo
247 1134 449 1179 cadente,
476 1134 587 1174 unde
609 1132 745 1173 suerat
766 1133 955 1188 gavisura
983 1132 1103 1173 turba
1122 1131 1330 1179 fidelium,
1358 1132 1455 1172 inde

78 1206 309 1241 terreretur
332 1197 595 1253 sequentium
621 1211 821 1238 numerus
837 1198 1188 1254 perditorumffi).
1211 1196 1313 1238 Nam
1333 1195 1455 1252 cujus

78 1263 215 1305 meriti
239 1263 349 1309 sint,
386 1262 534 1303 fratres
559 1262 844 1309 dilectissimi,
867 1261 1095 1303 beatissimi
1118 1261 1268 1302 Petrus
1288 1269 1328 1302 et
1350 1261 1454 1302 Pau-

77 1329 162 1375 luS,
189 1326 287 1368 hinc
311 1341 532 1382 possumus
570 1327 829 1383 intelligere,
873 1335 920 1368 ut
941 1341 1038 1368 cnm
1070 1326 1276 1368 Dominus
1313 1335 1455 1367 noster

76 1392 199 1434 Jesus
222 1392 412 1434 Christus
433 1391 623 1434 Orientis
653 1393 842 1448 regiones
874 1393 1040 1448 propria
1068 1392 1334 1432 illustraverit
1355 1406 1452 1447 pas-

77 1457 194 1499 sione
217 1490 227 1506 ,
252 1457 498 1499 Occidentis
530 1466 672 1498 tamen
696 1459 858 1514 plagam
877 1489 888 1505 ,
913 1472 965 1498 ne
989 1457 1193 1498 inhonora
1225 1459 1283 1512 (7)
1311 1456 1454 1498 suisset

77 1523 301 1578 aliqnando
320 1523 536 1568 derelicta,
561 1524 735 1564 istorum
758 1523 948 1564 exhibuit
970 1523 1047 1563 sub
1066 1537 1140 1563 suo
1161 1522 1339 1578 imperio
1359 1537 1454 1563 san-

76 1586 201 1644 guiue
225 1594 523 1644 purpuratan13
543 1595 585 1628 et
597 1587 697 1628 licet
721 1587 832 1629 illius
855 1587 992 1643 passio
1014 1586 1194 1628 sufficiat
1217 1588 1267 1627 ad
1291 1596 1455 1642 protec-

80 1652 234 1694 tionem
253 1684 263 1699 ‚
299 1660 440 1693 tamen
476 1651 629 1693 horum
653 1652 955 1708 Apostolorum
993 1653 1200 1708 simulque
1222 1652 1451 1707 Martyrum

78 1716 328 1757 memoriam
360 1715 480 1757 nobis
494 1716 672 1757 contulit
696 1717 747 1757 ad
769 1717 959 1757 salntem.

135 1781 206 1823 lli.
247 1780 354 1822 Nam
378 1780 564 1821 Ecclesia
587 1780 773 1827 Domini,
795 1794 947 1835 sponsa
965 1781 1150 1826 Christi,
1176 1793 1267 1834 qnae
1289 1789 1352 1821 est
1370 1795 1451 1822 una

77 1855 117 1888 et
138 1861 232 1886 vera
254 1845 394 1901 regina
409 1877 418 1892 ,
445 1845 527 1901 ipsa
543 1845 687 1901 genuit
708 1845 892 1895 Petrum,
915 1844 1001 1901 ipsa
1018 1844 1163 1900 gennit
1182 1845 1355 1885 Paulum
1370 1846 1445 1899 (8).

77 1910 135 1951 Ex
160 1909 246 1965 ipsa
271 1908 356 1950 nati
378 1917 474 1949 sunt
495 1925 504 1957 3
534 1909 584 1949 ab
620 1909 706 1964 ipsa
731 1909 876 1949 nutriti
903 1918 1029 1954 sunt;
1056 1916 1198 1964 postea
1222 1909 1449 1950 nutritores

75 1983 115 2017 et
141 1974 383 2015 defensores
405 1972 495 2028 ejus
517 1972 655 2014 css'ecti
681 1981 790 2014 sunt,
825 1973 973 2015 Nonne
996 1973 1086 2030 ipsa
1117 1973 1291 2014 Paulum
1318 1975 1449 2030 parie-

76 2038 172 2084 bat,
197 2046 242 2078 ut
259 2052 309 2079 ex
331 2039 429 2094 lupo
454 2037 574 2079 fieret
598 2038 760 2093 agnus?
797 2038 926 2080 Natus
949 2043 1011 2078 est
1045 2037 1197 2078 Paulus
1215 2070 1226 2085 ‚
1250 2038 1381 2080 crevit
1407 2048 1448 2080 et

78 2104 211 2146 sactus
236 2112 299 2144 est
319 2118 506 2160 magnus.
529 2103 658 2145 Natus
681 2112 742 2144 cst
761 2136 770 2151 ‚
798 2103 869 2144 sed
894 2102 1063 2144 difficile
1084 2103 1199 2150 satis,
1220 2103 1275 2144 ita
1295 2110 1337 2144 ut
1358 2119 1445 2144 om-

77 2169 142 2211 nia
163 2168 353 2210 membra
372 2168 751 2210 contremiscerent
769 2169 926 2210 matris,
943 2167 1072 2210 Natus
1084 2176 1147 2209 est
1163 2169 1332 2224 quando
1350 2168 1449 2224 bap·

126 2288 175 2332 (1)
195 2287 279 2320 Edit.
301 2288 332 2317 in
350 2299 442 2320 saxo.
457 2286 565 2332 ——1‘'2)
582 2287 639 2319 lid.
657 2296 690 2318 ut
703 2288 760 2330 qui
769 2288 869 2329 paulo
890 2294 966 2316 ante
981 2287 1097 2316 volare
1113 2294 1309 2322 tentaverat,
1335 2288 1444 2317 ambu-

75 2345 143 2375 lare
163 2356 227 2375 non
236 2353 358 2386 posset,
381 2353 412 2374 ec
432 2344 492 2385 qui
504 2355 634 2385 pennas
655 2353 893 2385 assumpserat,
911 2344 1046 2384 plantas
1063 2343 1236 2376 amitteret.
1254 2361 1298 2367 -
1315 2342 1363 2388 (3)
1381 2346 1446 2375 De-

77 2406 150 2431 sunt
166 2399 197 2430 in
219 2399 294 2432 edit.
312 2407 412 2440 atque
431 2399 608 2441 maleficus,
629 2419 667 2423 —
685 2399 736 2445 (4)
752 2400 834 2431 Edit.
850 2412 909 2440 per
922 2402 1027 2429 aerem
1042 2399 1237 2440 aliquandiu
1251 2399 1446 2431 volitaverit.

78 2474 122 2481 —-
140 2454 190 2500 (5)
208 2455 268 2486 lid.
286 2463 320 2485 ut
332 2455 428 2485 allius
447 2455 587 2488 caderet.
613 2473 652 2479 —
673 2455 721 2499 (6)
748 2456 807 2487 lid.
834 2455 939 2486 voluit
963 2467 1034 2485 eum
1060 2456 1091 2484 1'11
1107 2455 1267 2485 excelsum
1288 2455 1387 2485 levari
1405 2456 1452 2485 ad

78 2518 279 2552 conspectum
298 2510 452 2552 omnium,
471 2519 506 2541 nt
519 2519 662 2541 ruentem
678 2512 768 2542 illum
786 2512 826 2541 de
843 2511 972 2541 excelso
988 2511 1075 2541 oculi
1086 2510 1225 2541 omnium
1237 2510 1449 2551 perviderent.

77 2584 120 2591 -·
140 2565 187 2610 (7)
201 2566 251 2597 Sirv
269 2566 341 2598 cod.
362 2577 489 2605 cxxu13
506 2565 578 2598 cod.
598 2566 681 2597 x11'n
705 2567 797 2600 liora.
821 2584 865 2590 -—·
889 2568 935 2608 (8)
964 2566 1047 2597 Vide
1069 2568 1169 2599 Serm.
1191 2577 1259 2597 cciv
1278 2567 1449 2609 appendic.

82 2631 166 2652 num.
193 2632 218 2651 ι.
