1885 3284
427 352 519 421 278
689 374 723 403 s.
768 373 1019 406 Aneusnm
1056 375 1263 407 emscorl
1299 375 1536 407 APPENDIx.

425 437 604 490 dissent,
633 447 674 481 et
696 447 860 482 tantum
881 441 1035 484 ibidem
1067 442 1301 490 stetissent,
1335 443 1471 485 donec
1499 441 1550 483 ad
1573 442 1798 485 terminum

426 504 704 547 constitutum
728 521 747 547 a
775 507 864 549 Deo
883 509 1017 550 vocati
1043 508 1230 550 fuissent.
1265 509 1347 551 Sed
1373 509 1461 566 ipso
1483 516 1710 567 peccante,
1737 507 1802 549 in-

423 587 561 628 gressa
585 581 647 613 est
678 588 791 614 mors
814 573 853 614 iu
879 576 1082 615 mundum
1104 607 1112 625 ‚
1137 584 1177 616 et
1201 574 1323 632 periit
1346 574 1650 616 inmortalitas
1681 573 1803 617 Venit

425 640 562 688 dolor,
591 638 739 695 pestis,
765 639 908 696 frigus,
937 641 1051 681 calor
1071 649 1111 681 ct
1136 640 1373 688 calamitas;
1398 639 1609 681 clauditur
1627 640 1798 688 coelum,

423 704 645 762 expellitur
671 704 768 746 inde
788 704 936 754 homo,
954 706 1048 747 exul
1071 704 1265 753 eflicitur,
1294 705 1394 747 civis
1417 705 1565 746 inferni
1584 705 1800 747 constitui·

425 780 520 818 tur;
545 770 604 812 sie
635 770 760 812 homo
782 770 868 828 ipse
896 771 1121 819 occiditur,
1148 771 1219 813 sed
1239 771 1366 814 'nomo
1389 771 1446 813 sic
1470 779 1701 829 prostratus
1721 772 1801 812 cla-

424 848 538 886 mat,
563 846 606 879 et
627 853 710 879 non
729 838 974 887 exauiliturg
996 840 1148 888 ululat,
1170 847 1212 881 et
1230 854 1311 880 uon
1336 839 1478 895 estqui
1497 838 1798 896 coinpatiatur3

425 904 621 952 moritur,
645 912 686 944 et
719 917 804 944 non
838 911 901 945 est
935 904 1007 961 qui
1042 905 1262 951 exaudiat,
1287 914 1328 946 et
1358 904 1417 946 sic
1443 904 1663 946 clamando
1684 903 1801 945 annis

426 971 612 1029 quinque
635 970 820 1012 millibus
848 980 889 1012 ct
910 971 1087 1028 amplius
1099 971 1317 1014 exauditus
1338 980 1412 1013 est.
1434 971 1542 1012 Ecce
1557 971 1801 1028 redemptus

425 1037 552 1079 homo
575 1053 584 1084 ;
612 1051 723 1077 mors
748 1051 822 1093 per
843 1045 1025 1078 mortem
1049 1038 1282 1080 destruitur
1297 1070 1306 1086 ,
1325 1045 1367 1079 et
1391 1037 1470 1078 vita
1493 1052 1566 1094 per
1585 1037 1709 1078 vitam
1731 1037 1801 1077 do-

424 1112 563 1150 natur,
589 1117 664 1159 per
689 1100 779 1157 ejus
802 1103 1160 1144 resurrectionem
1183 1111 1323 1145 nostra
1357 1102 1648 1144 immortalitas
1685 1116 1801 1158 repa-

427 1174 560 1219 ratur,
587 1183 660 1225 per
681 1167 771 1223 ejus
800 1166 1098 1211 Ascensionem
1123 1169 1186 1211 via
1220 1169 1341 1211 nobis
1377 1177 1651 1225 proeparntur.
1684 1176 1800 1209 tanta

423 1235 604 1291 denique
629 1249 850 1276 ascensura
881 1235 1070 1277 creditur
1108 1235 1325 1277 hominum
1360 1235 1606 1281 multitudo,
1645 1243 1799 1290 quauta

423 1301 680 1358 Angelorum
704 1299 932 1341 multitudo
952 1310 1047 1357 post
1067 1301 1323 1358 Angelorum
1351 1301 1556 1342 malorum
1593 1299 1801 1356 expulsio-

422 1382 517 1408 nem
540 1366 581 1406 in
609 1366 715 1406 coelo
740 1365 941 1407 remansit
977 1366 1222 1413 beatorum,
1263 1366 1373 1408 sicut
1401 1364 1604 1423 scriptum
1637 1373 1699 1407 est
1726 1379 1800 1421 per

420 1431 672 1490 Prophetam
705 1430 915 1472 (licentem
942 1446 985 1471 :«
1005 1430 1159 1474 Statuit
1182 1431 1381 1474 terminos
1409 1433 1660 1489 populorum
1687 1429 1802 1487 juxta

420 1512 672 1542 »numerum
697 1495 878 1537 filiorum
902 1497 1065 1539 lsrael&
1094 1515 1108 1537 ι

483 1564 550 1607 IV.
591 1564 688 1606 Haec
721 1571 784 1604 est
816 1563 928 1604 enim
954 1562 1041 1604 dies
1063 1563 1249 1612 dierum,
1288 1563 1435 1605 fratres
1469 1561 1701 1604 charissimi
1725 1593 1735 1611 ‚
1761 1561 1800 1602 in

421 1645 501 1688 qua
523 1630 780 1686 Angelorum
804 1629 923 1670 ruina
960 1638 1189 1672 restaurata
1214 1638 1304 1677 est,
1330 1630 1514 1671 humano
1545 1629 1603 1683 (ι)
1639 1627 1678 1668 in
1719 1641 1801 1682 qua

422 1697 681 1753 Angelorum
694 1695 842 1736 militia
855 1695 1068 1737 consortio
1090 1698 1297 1738 laetataest
1313 1712 1323 1744 ;
1341 1695 1427 1736 haec
1441 1704 1503 1737 est
1519 1695 1585 1736 illa
1602 1693 1800 1735 festivitas

422 1763 718 1809 festivitatum,
745 1761 786 1802 in
814 1775 895 1817 qua
915 1769 1107 1804 nostrum
1140 1761 1395 1804 desiderium
1412 1761 1685 1817 adimpletum
1710 1773 1799 1800 esse

422 1830 610 1878 videtur3
646 1828 736 1870 haec
759 1836 821 1869 est
838 1827 904 1870 illa
923 1827 1119 1870 festivitas
1138 1861 1147 1877 ‚
1181 1843 1273 1885 quae
1298 1829 1356 1883 (³)
1381 1832 1564 1885 gratiam
1587 1827 1803 1882 confirmat

421 1903 670 1938 cunctarum
701 1893 999 1942 festivitatum,
1027 1894 1116 1936 sine
1139 1909 1218 1951 qua
1244 1895 1399 1936 utilitas
1425 1901 1659 1934 cunctarum
1682 1891 1798 1933 festi-

421 1962 596 2004 vitatum
624 1960 795 2017 periret.
826 1959 911 2002 Nisi
930 1960 1042 2002 enim
1076 1960 1385 2002 ascendissetin
1407 1959 1549 2000 avlam
1574 1958 1764 1999 Salvator
1783 1990 1793 2006 ‚

420 2036 623 2069 cessasset
649 2025 740 2082 ejus
763 2025 977 2069 nativitas,
1007 2026 1102 2081 quia
1131 2024 1171 2067 in
1206 2041 1254 2067 ea
1286 2025 1433 2082 Angeli
1470 2028 1632 2064 nn'm'me
1663 2023 1798 2064 excla-

419 2101 600 2134 massent
618 2108 631 2133 .·
645 2109 660 2130 «
682 2091 766 2134 Pax
782 2091 1025 2133 hominibus
1046 2092 1169 2134 bonae
1187 2090 1454 2134 voluntatis&
1477 2109 1491 2130 n
1516 2090 1731 2146 Numquid
1747 2089 1798 2131 de

409 2163 598 2216 peritura
615 2172 726 2215 pace
748 2157 895 2215 Angeli
919 2157 1234 2214 loquebantur?
1257 2172 1398 2199 nenne
1417 2158 1475 2213 (5)
1513 2157 1564 2198 de
1587 2156 1656 2197 illa
1680 2155 1796 2196 dice-

419 2226 520 2267 bant
537 2257 547 2272 ‚
569 2239 660 2280 quae
689 2242 703 2260 (ι
720 2223 954 2280 Exsuperat
976 2238 1146 2265 omnem
1171 2238 1338 2265 sensum
1350 2222 1410 2272 ³³,n
1436 2237 1526 2278 quae
1556 2221 1625 2262 hic
1649 2220 1795 2263 haberi

417 2290 602 2348 perfecte
621 2305 702 2331 neu
727 2287 900 2345 potest?
925 2288 1090 2330 Fuisset
1120 2289 1300 2346 denique
1325 2298 1361 2330 ct
1388 2287 1645 2329 infructuosa
1674 2286 1794 2327 nobis

415 2356 505 2413 ejus
528 2356 661 2413 passio
679 2388 688 2404 ,
710 2354 853 2396 fuisset
869 2363 912 2396 et
935 2354 1091 2396 inutilis
1117 2355 1208 2410 ejus
1234 2354 1492 2396 sanctissima
1522 2352 1786 2394 resurrectio,

414 2423 513 2465 Haec
539 2431 602 2464 est
624 2422 711 2463 dies
729 2453 738 2468 ‚
760 2435 852 2477 quae
875 2422 983 2478 apud
1008 2419 1152 2464 fideles
1179 2421 1413 2468 Romanos,
1440 2421 1569 2461 semel
1595 2419 1636 2460 in
1670 2418 1793 2475 septi-

417 2504 540 2531 mana
561 2496 761 2544 tanquam
785 2487 872 2529 dies
897 2487 1130 2529 Dominicae
1154 2487 1472 2530 resurrectionis
1496 2501 1517 2528 a
1541 2485 1704 2529 cunctis
1721 2499 1794 2527 ve-

463 2595 584 2626 ¹Deut.
604 2604 705 2632 xxxii,
723 2594 755 2626 8.
770 2591 844 2616 -2
858 2595 933 2625 Luc.
949 2604 985 2630 11,
1003 2598 1114 2630 τῲ-
1129 2589 1144 2615 3
1164 2591 1279 2635 Philip⁴
1304 2603 1347 2630 iv,
1369 2604 1400 2632 7.

459 2676 512 2723 (1)
531 2676 610 2709 cod.
631 2676 787 2707 humana.
803 2693 850 2699 —
862 2673 914 2720 (2)
936 2677 1017 2717 Quae
1037 2675 1148 2707 italicis
1163 2674 1416 2717 distinguuntur,
1433 2677 1589 2706 vetustate
1601 2678 1673 2705 sum
1687 2672 1789 2705 deleta

407 2735 444 2767 in
462 2733 547 2775 cod.,
567 2739 597 2765 et
617 2743 633 2765 a
651 2731 744 2764 nobis
757 2736 928 2774 utcumque
941 2732 1099 2765 restituta.
1116 2745 1157 2757 ·--
1177 2729 1227 2776 (3)
1243 2731 1324 2764 Cod.
1343 2730 1494 2772 deniqne.
