1868 3301
375 307 468 369 476
641 322 675 352 S.
723 322 963 353 Auecs'slm
1001 320 1202 351 Emscopi
1242 323 1481 357 APPEme.

374 403 555 444 namque
582 390 738 445 pariter
765 397 805 430 et
840 389 1004 443 jacebat
1022 389 1100 443 (ι),
1120 389 1212 443 quia
1238 405 1320 446 pra·
1349 392 1477 433 nimio
1501 393 1646 435 dolore
1662 407 1746 435 non

376 462 541 511 poterat
558 454 786 496 ambulare.
814 454 986 495 plorans
1012 453 1190 510 ploravit
1219 469 1292 510 per
1327 457 1436 498 diem
1468 467 1743 514 noctemque,

377 534 457 561 nec
482 528 570 561 erat
592 521 661 576 qui
685 521 890 562 consolari
925 527 1064 575 posset
1098 521 1289 561 eamdem
1314 537 1363 562 ex
1390 523 1587 564 omnibus
1610 524 1747 565 charis

376 585 511 641 ejus¹‚
547 600 631 627 non
660 601 744 627 suae
777 600 964 633 sororeS,
1001 600 1078 626 nec
1105 585 1229 627 etiam
1255 586 1341 643 ipse
1364 586 1560 629 Joannes.
1583 588 1747 631 Amaris

373 651 570 706 lacrymis
594 652 880 693 meditfibatur
907 651 1094 698 dolores,
1127 666 1230 707 quos
1262 652 1452 693 Christus
1485 655 1681 695 sustinuit
1704 654 1746 695 in

371 725 508 757 morte
531 716 715 765 crudeli,
741 724 782 757 et
800 715 922 756 nimis
947 730 1085 757 amara
1108 716 1311 773 passionis
1330 718 1420 759 loca
1443 719 1583 760 omnia
1606 728 1747 761 mente

372 781 584 822 currebat.
620 781 724 832 Quae
751 788 792 822 et
824 790 979 836 quauta
1003 781 1139 823 suerat
1162 797 1324 838 passus,
1354 782 1397 823 in
1420 785 1562 825 animo
1591 792 1746 826 cuncta

370 848 587 895 volvebat,
615 863 661 889 ac
685 848 772 903 pios
801 848 858 902 (ει)
897 848 1077 903 gemitus
1100 856 1142 889 ct
1169 849 1233 904 pia
1255 849 1430 906 suspiria
1456 849 1594 892 dabat.
1622 850 1747 892 Hunc

370 914 537 955 dulcem
560 913 787 954 Dominum
813 922 931 954 aceto
947 921 988 954 et
1006 913 1101 954 felle
1126 921 1316 970 potatum
1332 946 1342 961 ,
1362 915 1508 956 lancea
1533 914 1618 970 jam
1638 929 1745 957 mor-

370 986 491 1019 tuum
516 987 618 1020 tunc
641 993 745 1020 saeva
762 977 888 1020 fuisse
905 979 1157 1035 perfossum,
1181 980 1348 1035 plorans
1371 980 1597 1029 clamabat,
1620 991 1746 1038 atque

372 1043 552 1084 dicendo
575 1044 768 1100 plorabat
795 1058 804 1084 t
830 1061 844 1081 (ι
863 1044 1003 1091 Jesus‚
1026 1043 1150 1086 Jesus
1168 1059 1300 1093 meus,
1327 1044 1440 1086 Deus
1463 1054 1630 1087 creator
1655 1060 1745 1088 om-

371 1107 488 1149 nium
500 1108 651 1157 dulcis,
665 1124 744 1165 qua
758 1124 861 1150 saeva
880 1118 1033 1157 morte,
1048 1109 1184 1151 factus
1194 1110 1336 1158 homo,
1355 1110 1467 1152 suisti
1479 1112 1744 1168 peremptus!

370 1173 509 1225 Quem
536 1181 663 1223 terra,
689 1184 856 1230 pontus,
879 1179 963 1224 ae'r,
989 1190 1065 1216 nec
1086 1176 1180 1217 coeli
1200 1190 1351 1232 capere
1372 1185 1559 1233 queunt,
1581 1185 1621 1218 te
1637 1177 1749 1234 capit

373 1253 469 1280 arca
489 1253 618 1286 nunc,
642 1239 737 1288 Fili,
758 1249 952 1297 suscepta
978 1241 1175 1296 sepulcri.
1205 1241 1241 1283 Ο
1260 1255 1386 1296 quam
1411 1256 1591 1297 nequam
1615 1242 1741 1285 vitem

371 1304 554 1346 reddidit
581 1304 766 1346 humana
788 1320 999 1363 propago,
1020 1321 1112 1362 quae
1130 1306 1307 1363 protulit
1330 1321 1428 1347 uvas
1451 1320 1630 1362 quarum
1651 1315 1748 1349 sunt

374 1368 622 1410 amarissimi
656 1370 817 1412 fructus
842 1404 852 1419 ,
891 1372 991 1412 dum
1033 1379 1169 1412 morte
1206 1371 1370 1413 necavit
1406 1371 1477 1427 qui
1527 1372 1578 1413 de
1616 1370 1747 1414 nihilo

374 1440 529 1476 cuncta
551 1436 737 1477 creavit!
763 1436 887 1479 Nunc
907 1436 1018 1493 jacet
1040 1436 1210 1478 Domini
1229 1436 1359 1479 Filius
1378 1436 1419 1477 in
1446 1436 1609 1478 miserae
1635 1452 1749 1480 mor-

370 1501 421 1542 tis
439 1501 645 1557 sepulcro.
661 1502 727 1543 Ad
743 1510 900 1543 terram
919 1502 1034 1544 venit
1050 1504 1175 1553 Deus,
1192 1502 1273 1543 vita
1295 1511 1455 1550 nostra,
1475 1511 1718 1560 peremptus
1734 1521 1745 1553 ;

372 1581 526 1623 corpus
546 1566 625 1608 sihi
652 1582 822 1609 sumens
846 1568 1043 1609 humanae
1065 1566 1298 1624 fragilitatis
1315 1600 1325 1615 ‚
1357 1569 1407 1609 ad
1430 1576 1586 1609 terram
1609 1569 1745 1617 venit,

369 1647 448 1673 nec
479 1641 542 1673 est
571 1641 765 1689 receptus
789 1648 809 1674 a
833 1633 916 1674 suis
933 1664 943 1682 ‚
973 1633 1046 1674 sed
1079 1632 1187 1673 servi
1214 1632 1305 1688 ejus
1327 1647 1494 1688 semper
1517 1633 1747 1676 machinati

371 1705 468 1740 sunt
496 1698 670 1739 malum.
698 1698 744 1739 In
775 1699 893 1739 illum
924 1698 1054 1739 saeviit
1087 1698 1276 1739 Herodes
1306 1712 1378 1739 rex
1411 1697 1680 1747 Judaeorum,
1707 1708 1749 1742 et

369 1778 467 1806 cum
503 1763 572 1805 illo
609 1763 779 1819 quidem
817 1765 956 1805 omnis
991 1762 1256 1819 ‹lerosolyma
1296 1763 1451 1812 simul,
1494 1765 1744 1819 parvulum,

370 1830 626 1887 pendentem
651 1829 790 1871 adhuc
821 1831 872 1872 ad
906 1831 1035 1871 ubera
1073 1829 1228 1870 Matris.
1262 1828 1428 1870 Dehinc
1458 1829 1520 1870 vir
1552 1838 1745 1881 sanctus,

369 1895 495 1936 verba
520 1894 647 1936 dabat
684 1894 828 1936 salutis
855 1894 1074 1951 ejusdem,
1107 1902 1152 1935 ut
1176 1903 1393 1950 rumperet
1423 1895 1555 1936 nodos
1588 1895 1647 1950 (5)
1677 1909 1747 1937 cu-

371 1961 542 2017 juslibet
568 1960 822 2002 infirmitatis
839 1993 849 2009 ,
886 1975 1032 2002 omnes
1056 1967 1233 2016 aegrotos
1265 1974 1415 2001 sanans
1439 1959 1489 2000 ab
1512 1959 1626 2001 omni
1657 1961 1747 2002 lan-

370 2042 527 2085 guore,
561 2035 751 2068 mortuos
778 2026 1043 2068 resuscitans.
1080 2025 1158 2067 Fili
1194 2024 1274 2073 mi,
1308 2024 1385 2067 ah!
1413 2025 1745 2068 crudelissimam

368 2101 549 2135 mortem
580 2093 638 2148 (4)
678 2108 823 2150 passus
859 2108 902 2133 es
934 2092 974 2133 in
1011 2090 1175 2132 ruinam
1208 2091 1441 2133 multorum
1476 2105 1526 2132 ex
1561 2090 1619 2147 (5)
1650 2090 1746 2134 filiis

363 2158 486 2201 Judae
504 2191 514 2206 ‚
553 2158 798 2201 Scribarum
838 2167 961 2214 atque
1001 2156 1245 2213 Principum
1267 2189 1277 2204 ,
1312 2156 1662 2212 presbyterorum
1701 2166 1743 2200 et

368 2224 702 2274 Pharisaeorum,
741 2225 818 2267 sibi
861 2238 973 2265 nunc
998 2224 1049 2265 ad
1084 2223 1280 2264 ultimum
1304 2222 1740 2265 commachinantium

366 2291 425 2348 (6)
454 2294 612 2333 malum
635 2301 677 2333 et
693 2299 889 2334 mortem.
918 2289 1046 2332 »Haec
1069 2290 1127 2344 (7)
1155 2304 1336 2346 praesens
1359 2290 1446 2331 dies
1478 2289 1741 2332 demonstrat

370 2357 508 2398 crucis
532 2365 687 2414 aperte,

416 2473 427 2495 ¹
446 2472 567 2507 Thren.
588 2484 617 2511 1,
634 2484 666 2507 2.

412 2555 463 2598 (ι)
490 2554 568 2588 Cod.
601 2554 681 2585 male
698 2552 837 2586 dicebat.
861 2572 907 2578 —-
922 2556 972 2598 (2)
997 2555 1045 2588 Id.
1072 2556 1185 2598 impios
1203 2555 1351 2590 absurde.
1372 2574 1414 2580 ›—
1442 2556 1489 2599 (3)
1517 2555 1568 2590 Id.
1586 2563 1680 2587 vota.
1695 2573 1741 2580 —

367 2610 419 2658 (4)
434 2611 485 2645 Id.
508 2622 530 2641 a
551 2610 779 2642 crudelissima
796 2619 909 2645 morte.
927 2629 974 2637 -
989 2609 1041 2657 (5)
1059 2614 1155 2646 Deest
1173 2624 1217 2645 ea:
1233 2613 1267 2646 in
1279 2613 1350 2646 cod.
1366 2630 1411 2638 —
1429 2614 1478 2655 (6)
1495 2612 1575 2646 Cod.
1593 2623 1739 2645 comma-

363 2667 578 2702 chinamibus.
596 2685 638 2692 -—
657 2669 706 2710 (7)
723 2667 773 2701 1d.
791 2668 880 2701 hinc.
