1868 3301
348 258 438 315 432
612 271 646 299 s.
692 268 941 298 Avensa-mi
982 270 1187 300 12:1¹1scor1
1225 270 1463 302 APPENDIX.

346 337 528 382 confers,
547 334 591 377 Si
608 334 722 376 enim
748 333 933 376 fructum
964 335 1189 376 fecerimus
1211 336 1282 392 (1)
1307 336 1347 377 in
1366 351 1436 383 ea,
1461 336 1645 378 fructum
1667 352 1729 379 ca-

347 403 534 461 piemus;
561 414 611 441 cx
630 414 678 441 ea
700 399 861 442 fructus
883 414 987 455 quos
1005 398 1207 449 facimus,
1242 416 1292 442 ex
1321 416 1369 442 ea
1398 401 1619 458 praemium
1649 411 1724 443 est.

351 465 395 509 Si
418 466 592 509 facimus
616 465 778 507 fructus
799 465 945 521 dignos
963 464 1003 506 in
1029 468 1215 514 mundo,
1236 466 1450 523 capiemus
1474 482 1523 508 ex
1536 467 1594 508 eis
1607 476 1730 508 aeter-

347 548 424 578 nos
450 532 612 574 fructus
633 531 673 572 in
696 530 881 588 praemio.
907 529 1021 581 Quid
1043 531 1155 572 enim
1174 539 1237 572 est
1257 531 1503 587 poenitentia
1520 564 1530 580 ,
1560 531 1637 572 nisi
1662 533 1732 573 do-

345 601 411 643 lor
433 596 774 655 paeteritorum?
796 596 897 652 quid
921 604 983 637 est
1000 596 1160 638 fructus
1182 597 1439 654 poenitentiae
1458 597 1625 654 dignus,
1652 597 1732 638 nisi

354 665 609 706 delictorum
628 660 890 704 satisfactio?
913 660 1130 704 Attendite
1145 678 1245 719 ergo
1270 662 1525 719 poenitentiae
1547 662 1731 704 fructum

349 739 392 772 ct
415 729 686 786 dignitatem;
713 726 916 769 attendite
938 727 1232 784 poenitentiam
1251 759 1261 775 ,
1289 728 1426 784 primo
1458 729 1596 770 cordis
1621 728 1735 770 dolo-

349 809 464 848 rem3
488 793 691 836 attendite
708 792 894 835 fructum
913 808 988 850 per
1005 793 1143 835 carnis
1162 794 1490 835 macerationem
1508 801 1550 835 et
1567 809 1640 850 per
1650 795 1733 835 oris

353 860 697 908 confessionem;
729 857 934 900 attendite
977 858 1238 915 dignitatem,
1277 860 1580 914 coelestemque
1611 873 1734 900 man-

351 927 528 969 sionem.
561 925 658 968 Tria
695 933 835 966 autem
874 932 971 965 sunt
1015 924 1056 965 in
1098 923 1346 981 paenitentia
1368 956 1377 972 ,
1425 924 1586 965 scilicet
1617 924 1736 965 dolor

352 990 552 1049 praeteriti
572 1023 581 1038 ,
605 989 796 1031 custodia
817 988 946 1030 futuri
964 1022 973 1037 ,
994 997 1035 1030 et
1058 988 1284 1030 satisfactio
1312 988 1466 1030 delicti.
1497 988 1538 1029 Si
1559 1003 1660 1045 ergo
1675 1021 1687 1038 ,
1711 1004 1736 1030 o

357 1057 487 1100 homo
504 1088 514 1104 ,
541 1069 715 1097 securus
733 1054 794 1096 vis
814 1069 926 1103 esse,
951 1069 1003 1095 ne
1023 1054 1063 1095 in
1082 1054 1225 1096 futuro
1241 1053 1476 1102 damneris,
1496 1053 1651 1096 habeto
1665 1054 1736 1095 do-

352 1122 487 1165 lorem
511 1119 713 1178 praeteriti
730 1152 741 1172 ,
761 1129 802 1162 et
823 1135 923 1161 cave
954 1120 1005 1161 de
1041 1119 1211 1169 futuro;
1254 1134 1355 1161 cave
1379 1118 1517 1160 futura
1535 1151 1544 1167 ,
1573 1119 1734 1176 corrige

355 1187 565 1246 praeterita
593 1195 634 1228 et
667 1201 741 1243 age
774 1184 1082 1243 poenitentiam.
1121 1186 1442 1228 Sacramentum
1479 1184 1735 1242 poenitentiae

353 1267 537 1308 namque
553 1251 611 1307 (2)
627 1284 637 1300 ,
654 1251 827 1300 fratres,
848 1251 948 1307 quid
969 1251 1081 1292 aliud
1102 1260 1165 1293 est
1186 1283 1197 1299 ,
1222 1266 1346 1308 quam
1375 1251 1556 1292 exterior
1576 1250 1737 1292 exhibi-

354 1319 412 1361 tio
438 1316 602 1376 operis?
625 1316 709 1359 Sed
733 1332 798 1359 res
818 1317 1071 1359 sacramenti
1095 1326 1158 1360 est
1177 1332 1271 1358 vera
1290 1317 1430 1358 cordis
1449 1317 1661 1359 contritio.
1691 1315 1734 1358 Si

355 1399 454 1442 ergo
487 1391 798 1425 sacramentum
833 1382 1034 1440 suscipis,
1070 1397 1195 1440 opera
1233 1381 1490 1439 poenitentiae
1525 1381 1670 1433 facias,
1694 1389 1736 1423 et

356 1449 513 1492 habeto
532 1463 622 1490 rem
645 1448 898 1490 sacramenti
928 1447 970 1489 in
1002 1449 1061 1504 (5)
1089 1447 1345 1491 contritione
1370 1463 1478 1489 vera.
1519 1448 1651 1490 Tanta
1675 1457 1738 1491 est

357 1515 471 1557 enim
494 1513 740 1572 poenitentia
769 1523 839 1556 tua
855 1547 866 1562 ,
892 1523 1049 1571 quanta
1069 1522 1132 1556 est
1155 1513 1322 1555 devotio
1347 1521 1416 1555 tua
1434 1546 1443 1560 ‚
1482 1522 1638 1570 quanta
1674 1524 1735 1556 est

357 1581 557 1624 contritio
580 1589 650 1622 tua
670 1597 680 1628 ;
706 1579 904 1622 contritio
927 1594 1004 1638 pro
1031 1581 1142 1622 malo
1164 1578 1279 1635 quod
1301 1578 1461 1627 fecisti,
1478 1579 1644 1621 devotio
1659 1595 1735 1638 pro

354 1646 647 1701 recuperando
672 1645 835 1685 honum
857 1647 971 1700 quod
999 1645 1188 1685 amisisti.
1226 1644 1366 1685 Nolite
1404 1659 1503 1700 ergo
1541 1654 1700 1687 tantum
1718 1678 1728 1694 ,

354 1709 504 1752 fratres
525 1708 635 1757 mei,
662 1708 804 1750 dicere
830 1723 839 1748 ι
862 1709 948 1765 Ego
972 1708 1180 1765 jejunavi,
1213 1718 1376 1750 tantum
1400 1709 1584 1766 vigilavi,
1623 1719 1735 1753 tanta

354 1790 482 1834 opera
503 1773 805 1816 misericordiae
838 1774 931 1816 feci.
977 1774 1158 1816 Tantum
1195 1773 1235 1815 in
1256 1773 1319 1816 his
1350 1775 1546 1816 omnibus
1570 1776 1702 1819 fecisti
1722 1811 1732 1826 ‚

353 1850 558 1899 quantum
580 1839 622 1881 in
646 1839 709 1881 his
734 1839 933 1882 omnibus
956 1840 1185 1898 profecisti.
1232 1839 1368 1882 Nolite
1389 1873 1399 1888 ‚
1441 1842 1589 1883 fratres
1617 1842 1699 1883 mei
1725 1876 1734 1889 ‚

355 1907 486 1949 nolite
512 1904 608 1946 solia
630 1905 828 1947 arborum
852 1919 1100 1953 numerare,
1126 1906 1199 1947 sed
1213 1906 1398 1954 fructus;
1429 1906 1591 1947 scilicet
1608 1907 1737 1949 nolite

355 1985 533 2031 pensare
547 1970 731 2027 paleam,
757 1971 831 2012 sed
852 1985 998 2027 grana.
1021 1970 1139 2027 Opus
1165 1970 1253 2011 sine
1275 1970 1531 2013 contritione
1555 1972 1737 2014 estsicut

352 2037 432 2079 flos
455 2036 545 2079 sine
562 2034 719 2077 fructu.
735 2035 943 2078 Contritio
961 2036 1222 2081 sinefructu‚
1239 2051 1262 2076 o
1283 2051 1409 2093 quam
1428 2037 1644 2080 modicum
1660 2042 1735 2082 est!

356 2102 449 2147 Non
472 2116 572 2158 ergo
594 2116 771 2159 pensare
790 2102 995 2144 debemus
1014 2103 1124 2144 bona
1148 2117 1240 2158 quae
1257 2102 1448 2152 fecimus,
1471 2104 1566 2160 quia
1584 2104 1736 2147 incerti

355 2183 499 2211 sumus
522 2176 667 2209 utrum
689 2182 960 2224 perseverare
987 2168 1210 2225 possimus.
1238 2169 1423 2226 Agamus
1445 2170 1734 2226 poenitentiam

353 2242 401 2276 ut
422 2249 505 2276 non
528 2234 665 2275 solum
688 2233 950 2277 confessores
964 2266 974 2282 ,
995 2235 1070 2275 sed
1087 2234 1213 2276 etiam
1231 2234 1434 2292 Martyres
1453 2235 1622 2278 Christo
1644 2236 1736 2278 effi-

355 2301 534 2343 ciamur.
562 2299 738 2341 Matrem
763 2298 996 2341 sanctitatis
1018 2299 1318 2342 abstinentiam
1342 2299 1585 2357 frequenter
1602 2302 1736 2360 capia-

354 2380 473 2415 mus,
498 2374 543 2406 ut
570 2364 610 2406 in
634 2364 750 2406 coelis
766 2379 862 2407 cum
892 2364 1075 2408 Domino
1091 2365 1333 2423 gloriemur.
1352 2365 1484 2408 Mater
1505 2368 1736 2410 sanctitatis

357 2439 420 2472 est
442 2429 692 2472 abstinentia
707 2462 719 2481 ,
744 2431 818 2472 sed
837 2438 973 2472 mater
993 2430 1254 2486 aegritudinis
1277 2439 1340 2473 est
1363 2433 1568 2489 voluptas.
1593 2432 1734 2475 Absti-

356 2510 457 2537 nere
500 2495 704 2537 debemus
739 2495 789 2537 ab
824 2495 1056 2552 aliquibus,
1095 2512 1147 2539 ne
1181 2498 1479 2546 comedamus,
1514 2513 1599 2540 non
1640 2499 1734 2555 quia

404 2581 702 2624 (12Cod,fecer1‘5.
720 2583 827 2619 —1s2,:
847 2581 895 2614 Id.
913 2582 1068 2623 denique.
1099 2602 1138 2606 —
1158 2585 1206 2624 3
1239 2584 1284 2615 Id.
1316 2585 1402 2615 addit
1432 2593 1525 2615 emata
1540 2609 1547 2621 ,
1579 2597 1649 2627 quae
1674 2598 1734 2618 vox

356 2637 482 2670 videtur
499 2636 675 2669 abundare.
