1868 3301
322 312 415 359 516
593 330 626 358 S.
673 328 916 360 AUGUSTINl
952 330 1155 360 Episcopi
1195 329 1434 360 APPENDIX.

316 397 454 437 solum
486 395 646 442 facere,
683 396 758 437 sed
795 411 870 437 nec
903 396 1029 437 etiam
1063 396 1203 437 dicero
1236 397 1299 436 vel
1331 396 1515 451 cogitare
1544 395 1701 450 aliquid

318 460 416 502 boui
446 461 633 501 valemus
652 492 662 506 ,
698 461 774 502 nisi
800 463 868 502 illo
893 470 1096 517 operante
1120 470 1160 502 et
1183 462 1367 502 donante
1384 493 1394 508 ‚
1423 477 1441 501 a
1469 476 1552 516 quo
1576 475 1701 501 omne

314 526 475 568 bonum
498 526 701 582 procedit.
722 526 833 567 Audi
853 541 1020 582 quoque
1040 529 1154 582 quod
1174 526 1379 568 Dominus
1403 527 1454 567 de
1476 526 1554 567 hac
1575 540 1700 566 causa

313 606 387 648 per
410 590 636 632 Jeremiam
662 592 910 648 prophetam
934 592 1037 633 (licit
1063 607 1104 632 :a
1126 592 1217 633 Non
1238 591 1441 647 glorietur
1466 591 1628 647 sapIens
1651 589 1692 631 iu

313 674 328 696 n
344 655 460 697 omui
480 656 682 712 sapientia
706 672 777 698 sua
794 688 803 703 ,
828 665 869 698 ct
888 655 1006 698 sortis
1026 657 1064 697 iu
1084 656 1333 698 fortitudine
1356 672 1428 698 sua
1448 689 1457 704 ‚
1484 671 1559 697 uec
1582 655 1695 696 dives

313 722 384 762 »in
415 722 567 763 divitiis
594 722 702 770 suis;
740 723 813 764 sed
844 722 883 763 in
917 723 996 764 hoc
1019 722 1240 779 glorietur,
1276 721 1348 778 qui
1373 721 1576 778 gloriatur
1606 721 1667 776 (ι)
1688 752 1698 768 ‚

313 786 453 828 »scire
478 796 519 828 et
543 802 661 828 nosse
685 786 798 828 me¹.
826 807 840 824 n
870 787 948 828 Per
979 787 1070 829 haec
1100 787 1212 828 enim
1242 788 1367 828 verba
1391 788 1528 828 omnis
1556 801 1703 842 super-

312 852 380 892 bia
412 851 462 892 ab
497 852 635 893 animo
671 851 901 900 auferetur,
933 852 1030 908 quia
1065 853 1297 909 sapientia,
1334 860 1375 893 et
1405 852 1632 898 fortitudo,
1658 861 1704 893 et

313 917 499 973 potentia
525 917 565 957 in
590 917 769 958 nihilum
803 925 1078 974 reputantur;
1114 926 1156 959 et
1180 918 1252 958 ista
1278 926 1340 959 est
1364 919 1449 958 sola
1475 917 1698 973 gloriatio,

316 990 361 1022 ut
390 982 493 1023 sciat
524 991 565 1023 et
597 982 802 1039 intelligat
828 983 941 1038 quod
967 983 1053 1039 ipse
1079 982 1288 1025 Dominus
1316 982 1375 1024 sic
1400 981 1501 1023 facit
1523 990 1564 1023 et
1591 981 1702 1037 judi-

315 1047 428 1088 cium
463 1056 504 1088 et
543 1047 745 1103 justitiam
785 1048 826 1088 in
860 1048 1011 1090 terrast.
1039 1048 1100 1089 Ex
1128 1048 1206 1089 isto
1228 1048 1341 1088 onim
1366 1049 1461 1089 loco
1488 1047 1703 1103 apostolus

316 1112 468 1153 Paulus
499 1112 679 1168 sumpsit
707 1114 972 1170 exemplum,
1003 1114 1119 1169 quod
1148 1113 1199 1154 ad
1223 1113 1466 1154 Corinthios
1500 1111 1695 1168 scripsit:

327 1195 341 1212 (ι
363 1176 557 1225 Fratres,
583 1177 654 1234 qui
681 1178 888 1233 gloriatur
913 1179 953 1219 in
976 1178 1158 1220 Domino
1186 1176 1434 1234 glorietur³.
1458 1196 1472 1216 ι)
1500 1177 1577 1219 Ubi
1605 1186 1704 1218 sunt

314 1257 414 1297 ergo
447 1243 503 1283 illi
527 1245 597 1298 qui
622 1244 770 1284 dicunt
800 1243 1019 1286 hominem
1049 1244 1222 1285 arbitrio
1257 1243 1317 1300 (9)
1348 1243 1466 1300 regii)
1493 1243 1561 1284 ubi
1586 1246 1698 1290 suut,

314 1307 384 1362 qui
409 1308 553 1349 dicunt
582 1307 694 1363 quod
726 1325 745 1349 a
784 1310 903 1349 nobis
928 1310 1087 1350 boumn
1111 1309 1313 1350 inchoare
1338 1324 1562 1366 possumus
1583 1307 1600 1348 Ξ)
1625 1307 1702 1349 Ne-

315 1388 525 1429 quaquam
552 1374 629 1414 illis
653 1375 829 1415 credere
851 1375 1076 1423 debemus,
1110 1375 1179 1431 qui
1206 1389 1283 1416 nec
1311 1375 1520 1431 cogitare,
1543 1382 1701 1429 quanto

317 1438 457 1479 miuus
479 1437 686 1495 perficere
715 1440 902 1481 valemus
930 1440 1091 1481 bouum
1108 1473 1117 1488 ,
1145 1439 1222 1481 nisi
1242 1440 1332 1497 ipso
1358 1439 1570 1481 donante?
1589 1438 1701 1494 Ergo

316 1502 348 1543 si
371 1502 445 1544 Doi
476 1503 607 1559 gratia
631 1503 835 1559 largiente
853 1537 862 1551 ,
897 1505 1055 1545 bonum
1078 1520 1182 1560 opus
1207 1505 1443 1561 peregeris,
1476 1513 1517 1546 et
1543 1519 1588 1545 ea
1609 1517 1701 1559 quae

318 1575 398 1607 tuae
424 1567 671 1608 beatitudini
694 1568 865 1624 scripsi,
888 1578 1043 1610 cuncta
1067 1569 1315 1624 perfeceris,
1333 1585 1417 1611 non
1439 1570 1519 1611 tuis
1540 1569 1699 1609 viribus

320 1645 366 1672 ac
387 1632 544 1673 meritis
562 1632 785 1684 attribuas,
810 1635 884 1674 sod
908 1634 966 1674 illi
983 1666 992 1680 ‚
1026 1634 1095 1689 qui
1119 1635 1160 1675 iu
1183 1642 1223 1675 te
1246 1644 1444 1691 operatur
1466 1643 1509 1676 et
1532 1635 1637 1676 velle
1659 1641 1701 1674 et

316 1696 543 1753 perficere,
573 1705 698 1754 atque
716 1697 871 1739 bonam
894 1700 1157 1741 voluntatem
1173 1700 1203 1740 ⁶.

857 2010 1036 2054 CAPUT
1066 2011 1163 2056 XV.

556 2135 619 2175 De
641 2136 921 2179 criminalibus
942 2148 982 2180 et
1002 2143 1239 2182 incestuose&
1269 2142 1467 2184 Peccatz's.

378 2287 591 2330 Semnum
621 2295 683 2329 est
712 2287 839 2344 igitur
872 2289 1122 2347 unicuique,
1159 2292 1230 2348 qui
1262 2293 1497 2350 gehennam
1529 2304 1696 2338 aeternae

319 2370 450 2411 poeuae
471 2353 620 2410 quaerit
639 2355 834 2404 evadere,
854 2365 897 2398 et
920 2357 1101 2399 coelestis
1120 2359 1263 2415 patriae
1281 2360 1456 2416 gloriam
1476 2362 1695 2418 acquirere

318 2421 555 2469 desiderat,
585 2436 676 2477 quae
694 2421 776 2462 sint
795 2422 989 2465 mortalia
1004 2457 1014 2473 ,
1043 2432 1084 2466 et
1107 2425 1345 2468 incestuosa
1366 2459 1375 2478 ‚
1401 2435 1442 2469 et
1461 2428 1692 2471 criminalia

368 2530 376 2551 ¹
403 2532 525 2563 Jerem.
549 2540 597 2566 xx,
624 2531 681 2564 23.
707 2549 751 2555 -
770 2529 786 2552 ²
810 2531 890 2566 Psal.
918 2539 1086 2577 xcv1u‚l4.
1114 2532 1190 2559 -3
1212 2547 1225 2566 1
1249 2537 1324 2570 Cor.
1354 2548 1382 2578 ι,
1403 2538 1457 2569 31.
1479 2554 1525 2560 --
1544 2535 1693 2583 ⁴Phi1ip.

315 2595 360 2620 ιι,
392 2585 442 2615 13.

356 2663 405 2707 ξι)
420 2662 500 2697 Cod.
515 2661 596 2695 male
612 2673 670 2707 pro
685 2663 744 2706 qm*
758 2663 936 2707 gloriatur,
952 2665 1049 2699 habet
1065 2667 1270 2701 solummodo
1286 2668 1332 2704 in.
1349 2688 1396 2696 —
1421 2670 1469 2715 (2)
1489 2670 1539 2707 Id.
1559 2673 1693 2708 arbitro.
