1885 3284
372 405 513 436 sERMo
549 406 703 445 xxxvl,
743 407 788 436 IN
827 406 960 435 COENA
999 405 1161 434 nomm
1198 405 1266 435 111.
1430 410 1511 455 179

140 598 557 613 ”Qmmsflswwm
571 598 629 610 m
638 598 1506 613 mmmmmuwmnuwssmwmmms=s

595 768 803 812 SERMO
838 768 1054 814 XXXVI.

529 896 583 939 In
626 897 772 941 Coena
808 897 1002 941 Domini
1036 898 1115 941 III.

197 1054 337 1096 Sermo
358 1057 434 1094 iste
455 1052 624 1094 eductus
649 1068 704 1094 ex
730 1052 837 1096 Bibl.
879 1052 1032 1102 AEclc'l.‚
1058 1053 1149 1096 cod.
1177 1069 1227 1106 x,
1248 1053 1332 1111 fol.
1370 1070 1437 1112 19,
1471 1065 1514 1097 ut

130 1122 413 1181 prceeeclentes
431 1154 442 1170 ,
480 1123 667 1178 rejicitur
700 1124 740 1161 ιή
764 1120 1027 1178 appendicem
1042 1153 1053 1170 ‚
1076 1136 1156 1161 non
1197 1121 1328 1163 solum
1342 1132 1517 1180 propter·

139 1189 304 1231 easdem
333 1192 535 1240 rationes,
569 1188 646 1229 secl
671 1192 768 1245 quia
787 1187 914 1245 plura
946 1192 1121 1230 continet
1159 1192 1264 1230 satis
1301 1194 1515 1231 temerarie

139 1257 248 1298 clieta
265 1289 276 1306 ,
295 1264 337 1297 et
355 1271 447 1314 quoe
466 1254 693 1314 aliquando
714 1271 829 1296 sance
851 1255 1047 1296 doctr-mee
1063 1272 1142 1298 non
1164 1261 1428 1297 construenda
1446 1261 1514 1299 υί-

139 1326 299 1373 dentur,
325 1323 417 1366 lieet
428 1333 467 1364 et
482 1323 568 1364 alla
587 1323 716 1363 multa
734 1322 886 1364 habeat
900 1339 992 1381 quae
1008 1324 1162 1365 utiliter
1175 1289 1315 1382 colzgc‘
1318 1334 1512 1381 possunt.

139 1395 271 1438 Locus
286 1394 374 1449 ejus
387 1400 485 1450 post
488 1390 787 1448 prcecedentffln
797 1406 887 1432 cum
901 1407 1065 1433 numero
1074 1396 1115 1433 ιή
1132 1391 1256 1435 Coena
1272 1392 1439 1434 Domini
1453 1407 1508 1436 lv.

684 1551 963 1596 SYNOPSIS.

191 1678 222 1718 I.
255 1676 421 1717 Relictis
433 1675 673 1729 presbyteris
693 1684 733 1716 et
750 1676 914 1717 Valerio
932 1678 1115 1729 episcopo
1132 1709 1142 1727 ‚
1173 1686 1309 1717 orator
1332 1679 1516 1732 Evange-

137 1740 240 1779 lium
261 1739 373 1779 venit
393 1737 679 1789 praedicaturus
693 1738 735 1777 in
754 1752 902 1778 eremo.
935 1740 988 1778 II.
1012 1738 1193 1779 Christus
1212 1740 1342 1779 multa
1354 1741 1449 1780 fecit
1467 1741 1518 1781 ad

138 1800 251 1840 Judae
269 1800 565 1852 procurandam
582 1800 895 1840 conversionem.
920 1800 997 1839 III.
1021 1801 1178 1841 Pedum
1199 1800 1345 1841 lavatio
1360 1817 1441 1854 quo
1455 1816 1519 1842 or-

139 1862 235 1902 dine
248 1862 365 1901 facta.
395 1861 463 1902 IV.
491 1861 600 1911 Quid
617 1862 689 1910 sit,
712 1865 797 1900 Non
820 1865 966 1914 indiget
979 1869 1051 1901 nisi
1079 1874 1120 1901 ut
1131 1868 1253 1914 pedes
1276 1868 1386 1912 lavet,
1405 1873 1444 1904 et
1469 1865 1518 1904 de

138 1923 324 1975 exemplo
341 1923 435 1963 dato
454 1936 477 1961 a
494 1922 710 1962 Salvator-e.
723 1923 771 1964 V.
795 1923 818 1962 J
824 1923 921 1962 udas
939 1924 1120 1976 proditor
1135 1925 1347 1965 indicatur.
1362 1926 1431 1967 VI.
1449 1926 1519 1965 Sa-

139 1995 251 2025 tanas
269 1987 390 2025 intrat
410 1986 450 2024 in
465 1984 614 2024 Judam
628 2015 638 2033 ,
659 1985 731 2037 qui
748 1994 864 2024 nocte
879 1988 961 2025 exit
981 1988 1159 2040 ingratus
1178 1987 1230 2026 ad
1251 1989 1403 2027 crimen
1422 2003 1516 2040 per-

140 2047 399 2101 petrandum.
433 2046 524 2088 VII.
547 2046 726 2087 Christus
743 2047 933 2086 undecim
953 2048 1138 2087 hortatur
1173 2049 1224 2088 ad
1255 2049 1492 2090 charitatem
1507 2081 1517 2099 ,

141 2113 256 2163 cujus
269 2109 368 2149 ordo
386 2109 814 2150 demonstratur.VIII.
834 2112 913 2150 Pax
928 2111 1166 2150 mandatum
1187 2125 1339 2151 novum
1358 2113 1518 2153 coelestis

142 2174 324 2214 civitatis.
343 2172 413 2212 IX.
439 2171 559 2212 Pulso
573 2171 666 2210 odio
680 2202 691 2221 ‚
712 2186 785 2223 pax
799 2173 997 2212 sectanda.
1020 2174 1071 2214 X.
1086 2173 1277 2225 Simplicii
1294 2174 1519 2216 miseranda

142 2236 331 2284 defectio,
347 2248 422 2288 pro
438 2248 521 2287 quo
541 2233 722 2273 facienda
735 2234 875 2274 oratio.

203 2381 236 2422 I.
273 2380 527 2426 Aumvmms,
552 2378 700 2420 fratres
731 2379 981 2429 charissimi,
1013 2381 1157 2437 quoda
1176 2380 1288 2423 Cum
1312 2382 1517 2426 Dominus

146 2444 409 2488 »intinxisset
441 2457 615 2501 panem,
647 2451 688 2484 et
715 2445 832 2485 daret
864 2444 1009 2495 Judae,
1043 2453 1136 2502 post
1177 2447 1238 2502 (1)
1283 2447 1518 2491 buccellam

146 2510 294 2567 »panis
312 2509 481 2552 intravit
504 2510 545 2550 in
567 2523 665 2550 eum
689 2508 886 2560 Satanas,
913 2519 954 2552 ot
980 2511 1036 2553 ait
1059 2527 1068 2552 :
1093 2512 1220 2563 Quod
1247 2512 1349 2554 sacis
1371 2513 1435 2555 fac
1460 2515 1521 2556 ci-

148 2575 275 2619 ntius.
304 2574 411 2617 Cum
434 2589 533 2631 ergo
556 2575 786 2631 accepisset
809 2576 919 2617 illam
939 2577 1202 2628 buccellam,
1230 2578 1354 2620 exivit
1377 2579 1518 2621 conti-

148 2656 263 2686 »nuo
288 2657 298 2683 z
319 2649 408 2683 erat
439 2649 578 2683 autem
601 2656 697 2683 nox.
728 2640 835 2683 Cum
858 2651 997 2685 autem
1020 2643 1187 2687 exiisset
1203 2676 1213 2692 ‚
1240 2644 1295 2686 ait
1316 2644 1520 2688 Dominus

198 2749 249 2797 (1)
266 2750 346 2786 Cod.
364 2750 446 2783 male
461 2750 554 2782 iterat
570 2751 660 2792 quod
670 2756 744 2782 ante
754 2759 837 2792 post.
