1868 3301
330 307 423 365 [112
591 321 626 352 S.
669 320 917 353 AUGUSTINI
952 322 1157 355 EPISCOP!
1196 321 1436 354 ArrEme.

327 389 459 432 habes
480 387 693 445 pietatem.
736 389 799 430 Tu
834 389 941 430 tollis
965 405 985 430 a
1008 405 1076 432 me
1099 389 1234 432 filium
1255 404 1396 431 meum
1420 422 1429 437 ,
1455 396 1498 431 et
1519 401 1596 446 ego
1619 401 1703 432 uon

330 455 466 498 debeo
489 453 529 495 in
553 454 623 496 illo
646 454 864 496 modicum
884 455 1041 497 habere
1064 456 1328 497 momentum
1343 488 1353 504 ,
1373 463 1420 497 ut
1444 453 1503 511 (ι)
1530 455 1704 513 refrige-

329 528 394 561 ret
418 518 605 560 animum
626 533 783 561 meum.
816 519 904 576 Ego
927 520 1075 576 genui,
1103 535 1179 577 ego
1206 519 1373 577 peperi,
1399 529 1440 562 et
1475 521 1631 562 nutrivi
1652 521 1705 563 de

328 598 424 627 mco
460 585 591 626 ubere
621 585 707 642 (2),
744 585 817 626 sed
846 593 886 626 te
918 586 1158 629 ministrum
1185 586 1243 641 (5)
1265 586 1524 628 crudelitatis
1547 586 1698 629 inveni.

330 649 489 691 Saltem
522 664 607 691 non
638 665 658 691 a
688 664 756 691 me
779 648 890 692 filius
913 665 1032 693 meus
1062 651 1233 709 jejunus
1265 651 1479 700 discedat3
1514 652 1622 693 dabo
1644 652 1706 694 illi

329 715 529 757 viaticum
542 715 661 758 lactis
680 747 690 763 ,
716 724 762 757 ut
786 716 940 758 habeat
959 717 1118 759 viscera
1139 716 1403 774 pinguedinis
1419 750 1429 766 ‚
1450 717 1521 758 ubi
1545 718 1705 774 sagines

331 781 515 838 gladium
541 779 816 822 crudelitatis.
852 781 1008 824 Parvus
1030 783 1222 838 sanguis3
1264 781 1471 824 accedant
1504 790 1545 823 et
1567 783 1705 824 nutri-

328 855 470 890 menta
495 847 613 889 lactis
629 880 638 895 ,
660 855 705 888 ut
733 856 802 888 tua
830 846 889 902 (4)
918 849 1093 890 satietur
1112 848 1345 896 machaera,
1371 856 1413 889 et
1433 846 1506 889 filii
1524 849 1606 890 mei
1630 849 1705 891 im-

329 913 557 970 pinguatur
579 912 716 953 anima
739 913 870 961 lacte,
906 922 948 955 et
969 914 1170 971 sanguine
1204 913 1470 961 candidatur,
1506 914 1614 956 sicut
1635 923 1705 956 tu-

328 979 422 1021 nica
445 978 583 1019 medio
607 979 780 1020 clavata.
798 978 975 1037 Sanguis
994 989 1083 1022 crat
1102 994 1286 1038 purpura
1302 1012 1311 1027 ‚
1333 979 1466 1020 cthoc
1484 979 1583 1021 fecit
1600 982 1704 1023 stola

328 1045 506 1087 candida
528 1044 891 1100 pretiosa.Tecum
918 1046 1022 1088 vado
1038 1078 1048 1094 ,
1070 1044 1311 1088 dulcissime
1332 1043 1419 1092 fili,
1445 1045 1602 1087 clamat
1620 1061 1705 1088 ma-

327 1118 408 1158 ter,
444 1123 663 1165 quousque
696 1108 748 1150 ad
781 1111 922 1153 locum
957 1111 1222 1168 perveniam3
1249 1119 1288 1151 te
1314 1108 1606 1151 dulcissimum
1629 1143 1638 1158 ‚
1664 1119 1705 1153 te

327 1175 437 1217 uteri
460 1175 544 1217 mei
567 1174 757 1217 dolorem
782 1185 824 1218 et
843 1178 1049 1233 gemitum
1074 1185 1314 1235 spectatura
1337 1175 1396 1230 (5)
1415 1176 1594 1217 deduco.
1618 1176 1705 1234 Ego

328 1239 456 1298 infigo
480 1241 698 1288 osculum,
727 1250 768 1283 et
792 1243 979 1285 carnifex
1010 1244 1099 1285 sine
1123 1241 1412 1284 misericordia
1450 1241 1588 1298 infigit
1617 1244 1706 1299 gla-

327 1307 458 1349 dium.
480 1306 573 1363 Ipse
594 1307 779 1363 percutit
798 1323 873 1364 pro
899 1309 1067 1351 Christo
1084 1322 1305 1365 passurum
1325 1339 1335 1355 ‚
1360 1314 1402 1348 et
1422 1321 1499 1363 ego
1523 1308 1705 1364 suscipio

327 1373 574 1429 sanguinem
598 1373 834 1416 innocentis
854 1389 952 1417 cum
991 1375 1159 1417 Christo
1191 1372 1416 1431 regnantis.
1445 1372 1507 1414 Tu
1536 1372 1704 1430 jugulas

327 1439 416 1480 sine
436 1453 585 1488 causa,
612 1448 653 1481 et
674 1454 750 1496 ego
774 1455 860 1482 non
882 1440 1066 1498 suscipio
1093 1442 1251 1483 viscera
1279 1454 1387 1481 mea.
1423 1437 1467 1480 Si
1497 1438 1600 1480 mihi
1620 1454 1705 1481 non

324 1505 447 1548 licuit
467 1505 651 1553 nutrire,
675 1507 822 1548 saltem
849 1521 1014 1548 merear
1041 1507 1217 1564 sepelire
1238 1506 1255 1546 P
1275 1504 1320 1548 Si
1353 1503 1457 1545 mihi
1479 1519 1563 1545 non
1587 1504 1706 1546 licuit

323 1572 478 1613 lactem
498 1571 613 1620 dare,
628 1570 754 1613 liceat
773 1574 838 1614 vel
853 1574 1098 1629 sepulcrum
1118 1587 1213 1614 meo
1231 1570 1317 1613 filio
1331 1570 1575 1627 diguumffi)
1591 1584 1704 1612 com-

323 1650 508 1693 ponere,
543 1636 638 1692 quia
671 1636 829 1678 viscera
855 1652 948 1679 mea
973 1638 1199 1679 turbantur
1227 1636 1358 1679 nimio
1387 1636 1532 1676 dolore
1550 1667 1560 1683 ,
1602 1636 1703 1677 dum

323 1700 500 1757 inspicio
527 1716 672 1743 meum
708 1701 843 1744 filium
880 1701 1090 1744 carnificis
1114 1717 1265 1744 manus
1300 1701 1390 1743 sine
1413 1700 1704 1743 misericordia

321 1765 527 1824 jugulare.
555 1785 571 1806 »

383 1831 455 1873 ΙΙΙ.
493 1832 608 1874 Inter
630 1841 816 1876 matrum
838 1835 1033 1892 planctus
1047 1843 1089 1876 ct
1112 1833 1298 1876 filiorum
1322 1833 1506 1874 ululatus
1523 1864 1532 1880 ‚
1554 1831 1595 1873 in
1607 1831 1704 1889 suga

320 1905 410 1939 erat
430 1897 636 1940 Dominus
665 1898 872 1942 Christus.
896 1900 1045 1942 Milites
1065 1899 1383 1957 percutiebant,
1405 1907 1559 1940 matres
1583 1913 1704 1954 sepe-

321 1964 503 2013 liebant,
533 1973 574 2006 et
600 1964 749 2022 Angeli
772 1966 943 2023 spiritus
966 1981 1115 2008 eorum
1139 1965 1452 2023 suscipiebant,
1485 1973 1527 2006 et
1558 1963 1704 2006 Chris-

325 2039 390 2072 tus
412 2046 486 2072 rex
518 2030 687 2074 dicebat
714 2047 722 2073 :
741 2050 755 2071 «
779 2033 1033 2075 Innocentes
1056 2040 1096 2074 et
1119 2033 1225 2075 recti
1245 2032 1516 2074 adhaeserunt
1539 2030 1657 2073 mihi.
1674 2049 1690 2070 »

321 2095 366 2139 Si
387 2112 486 2153 ergo
507 2099 725 2148 volumus,
741 2098 912 2148 fratres,
945 2099 1113 2141 Christo
1133 2096 1348 2141 adhaerere
1364 2130 1374 2146 ‚
1396 2111 1618 2139 caveamus
1636 2098 1698 2154 (7)

322 2160 652 2219 malignitatem,
693 2172 910 2208 teneamus
942 2164 1283 2223 simplicitatem,
1317 2172 1364 2205 ut
1399 2177 1641 2206 mereamur
1681 2175 1703 2202 a

320 2227 505 2270 Domino
529 2229 743 2286 pietatem.

366 2339 421 2387 (1)
441 2342 521 2375 Cod.
541 2351 586 2378 ee,
607 2361 651 2368 —
674 2344 723 2386 (2)
748 2343 798 2378 Id.
821 2344 862 2375 de
886 2355 959 2375 metz
986 2344 1097 2377 ubera.
1118 2361 1159 2367 —
1179 2341 1228 2387 (3)
1245 2341 1297 2376 Id.
1315 2341 1502 2376 victricum.
1525 2358 1566 2365 -—
1589 2339 1702 2386 (431d.

315 2408 389 2431 sua.
414 2416 462 2424 -
483 2397 529 2444 (5)
543 2399 594 2434 Id.
609 2409 769 2442 spectum.
787 2418 829 2427 υ·-
846 2398 896 2444 (6)
912 2400 962 2433 Id.
976 2401 1088 2443 digno.
1107 2419 1148 2426 -—
1162 2398 1215 2444 (7)
1233 2399 1283 2434 1d.
1314 2399 1394 2432 male
1413 2409 1598 2431 careamus.
