1885 3284
397 329 529 362 tumn
562 329 619 361 DE
655 329 900 362 SPIRITUALt
941 330 1207 363 cERrAMiNE.
1408 322 1490 377 143

123 414 146 436 »
168 397 260 455 ejus
270 394 308 452 1,
328 416 349 438 ›>
375 404 419 441 et
440 405 611 442 caetera.
634 395 660 439 J
665 412 733 441 am
758 405 903 441 autem
924 395 1040 441 idem
1061 412 1102 441 se
1119 396 1246 442 docte
1267 400 1489 460 probave-

121 475 215 524 rat,
237 482 342 513 cum
360 465 600 512 «Gladium
619 466 802 512 Goliath
826 465 1041 512 Philistaei
1058 467 1095 522 2,
1117 488 1137 508 υ
1156 478 1197 512 et
1217 480 1387 517 caetera.

186 536 238 584 V.
265 538 316 584 In
340 537 428 584 hoc
456 547 599 583 autem
623 537 829 600 probatio
848 538 1310 601 est‚quiaquisquisin
1327 541 1493 588 militiae

119 607 359 671 spiritualis
373 625 507 669 agone
522 608 778 672 profecerit,
801 609 836 655 si
852 613 1034 669 jamjam
1059 610 1315 657 debiliorem
1341 626 1492 659 contra

117 694 164 724 se
181 678 390 726 vitiorum
413 681 736 727 contumaciam
755 681 905 737 sentit,
936 682 970 726 si
986 681 1255 741 insurgentes
1276 683 1321 728 in
1340 701 1383 730 se
1404 702 1493 729 ino-

118 758 191 795 ωε
208 750 352 797 carnis
369 750 499 797 facile
508 751 722 814 reprimit,
737 753 771 797 si
788 751 1155 798 tumultuantium
1176 754 1489 814 cogitationum

117 819 348 882 strepitum
379 820 542 866 minori
559 823 651 880 jam
691 821 843 868 labore
881 822 1121 885 compescit
1139 843 1151 876 3
1196 825 1231 869 si
1268 837 1492 871 nascentes

117 889 306 936 carnalis
329 890 396 953 (1)
428 890 649 936 illecebrae
672 892 817 953 spinas
839 929 850 948 ,
883 909 981 938 mox
1020 904 1068 938 ut
1097 894 1202 939 oriri
1242 897 1488 958 coeperint,

116 971 279 1007 resecat
296 998 308 1017 ‚
333 961 369 1007 si
390 961 606 1007 tumentia
625 962 871 1024 superbiae,
904 962 1089 1009 luxuriae
1107 1001 1118 1020 ,
1144 975 1492 1030 caeterorumque

115 1029 324 1078 vitiorum
346 1031 460 1078 colla
475 1069 487 1086 ,
503 1032 649 1093 gladio
668 1033 870 1096 protinus
894 1034 1032 1080 divini
1050 1035 1214 1082 timoris
1232 1037 1485 1084 obtruncat.

117 1098 339 1149 Caeterum
362 1102 471 1166 quid
507 1103 691 1166 prodest
723 1104 800 1150 diu
829 1105 1081 1167 quempiam
1121 1123 1255 1152 sacrae
1293 1109 1492 1153 interesse

115 1170 310 1230 militiae,
332 1189 464 1236 quem
486 1173 606 1220 velut
626 1174 709 1220 sub
733 1174 827 1237 ipsa
848 1174 979 1237 primi
1014 1176 1221 1238 tyrocinii
1242 1178 1494 1224 rudimenta

113 1241 300 1290 remissis
324 1243 553 1300 manibuS,
578 1255 620 1290 et
644 1255 791 1290 tenero
812 1246 878 1306 (2)
903 1245 1052 1291 adhuc
1072 1246 1242 1308 poplite
1266 1248 1308 1308 (Α
1320 1260 1329 1307 21
1349 1248 1493 1294 videas

115 1310 387 1360 claudicare?
429 1316 466 1361 A
488 1332 576 1378 qua
609 1315 820 1361 nimirum
854 1316 1128 1376 negligentiae
1174 1318 1488 1372 dissolutione,

112 1383 380 1445 praedicator
416 1386 610 1446 egregius
651 1386 891 1449 discipulos
926 1403 1024 1431 suos
1051 1387 1263 1449 prohibet
1303 1389 1455 1435 dicens
1476 1407 1487 1433 ε

114 1452 367 1501 «Remissas
381 1492 393 1513 ‚
413 1455 575 1519 inquit,
620 1471 774 1502 manus
794 1467 835 1501 et
859 1456 1067 1502 dissoluta
1089 1475 1228 1516 genua
1250 1459 1398 1518 erigite
1415 1497 1425 1515 ,
1450 1471 1491 1505 et

113 1539 314 1583 »gressus
345 1536 486 1572 rectos
514 1525 644 1576 facite
678 1525 843 1589 pedum
869 1537 1135 1582 vestrorum,
1159 1546 1211 1573 ne
1237 1528 1490 1575 claudicans

112 1613 134 1634 »
153 1594 250 1656 quis
271 1595 427 1643 erret3.
449 1617 470 1639 ›>
487 1597 630 1642 Docta
646 1613 801 1642 manus
823 1596 879 1642 ad
904 1597 1128 1660 praelium,
1146 1598 1273 1644 facile
1294 1601 1492 1662 pervenit

110 1661 171 1710 ad<
185 1664 481 1729 triumphum.
509 1666 686 1730 Corpus
704 1677 857 1730 aptum
879 1667 1047 1723 loricae,
1066 1680 1326 1732 promptum
1355 1671 1493 1716 fertur

109 1732 155 1780 in
170 1751 380 1798 pugnam.
403 1737 622 1783 Monaeho
652 1754 812 1801 nempe
829 1775 840 1794 ,
872 1740 943 1784 cui
963 1738 1112 1784 adhuc
1129 1740 1402 1803 impossibile
1427 1754 1488 1786 est

111 1805 365 1867 superbiam
379 1823 574 1870 premere
592 1844 604 1863 ,
641 1807 868 1853 avaritiam
893 1808 1129 1866 cohibere,
1164 1810 1344 1857 invidiae
1378 1812 1491 1857 faces

111 1875 376 1936 extinguere,
394 1877 608 1924 mundam
634 1889 825 1924 mentem
840 1896 863 1923 a
876 1878 1058 1924 luxuriae
1084 1880 1323 1942 petulantia
1342 1893 1490 1928 custo-

111 1944 309 2010 direqqui
318 1947 437 1994 virus
446 1948 626 1995 malitiae
639 1948 844 1995 adversus
861 1949 1151 1996 offendentem
1171 1953 1323 2016 nequit
1342 1954 1489 2016 expel-

109 2013 212 2072 lere,
230 2017 310 2080 qui
331 2034 414 2081 pro
432 2019 644 2066 servanda
662 2035 843 2065 censura
870 2021 1073 2079 J'ustitiae,
1097 2023 1347 2068 succumbit
1371 2024 1490 2083 inju-

90 2138 94 2144 .
111 2085 220 2133 riam
233 2088 459 2144 sustinere,
472 2089 580 2153 quid
594 2089 710 2136 aliud
728 2089 964 2136 dicendum
979 2101 1058 2148 est,
1070 2092 1154 2138 nisi
1164 2094 1264 2155 quia
1275 2105 1489 2156 quantum

112 2155 168 2211 ad
192 2156 504 2220 professionem
533 2159 741 2224 quidem,
784 2164 876 2221 jam
915 2161 961 2206 in
988 2178 1111 2207 sacra
1137 2163 1291 2208 militia
1331 2180 1490 2209 nomen

110 2225 249 2284 dedit,
263 2228 337 2276 sed
350 2230 460 2294 quid
479 2231 534 2277 sit
553 2230 746 2294 spiritale
771 2242 1008 2288 certamen,
1035 2232 1183 2279 adhuc
1208 2235 1381 2295 penitus
1399 2252 1488 2279 non

111 2299 319 2358 agnovit?
337 2302 433 2349 Imo
459 2302 515 2348 ad
538 2301 849 2366 perfectionem
869 2303 1170 2361 tendentibus,
1188 2305 1275 2351 hoc
1304 2316 1366 2351 est
1388 2306 1488 2351 totis

111 2368 281 2418 viribus
302 2370 609 2431 annitendum,
621 2383 670 2420 ut
683 2373 914 2421 salu-briter
926 2374 1055 2435 rigidi
1081 2375 1214 2436 magis
1231 2376 1402 2423 discant
1422 2376 1486 2439 (4)

158 2495 171 2517 ¹
193 2506 207 2526 1
224 2498 301 2539 Reg.
314 2507 392 2536 xvn,
411 2499 466 2532 38.
479 2517 523 2523 —
537 2497 552 2521 ²
566 2499 653 2534 Ibid.
669 2501 728 2535 51.
742 2519 786 2525 —-
801 2498 816 2523 3
834 2500 938 2535 Hebr.
957 2512 1017 2538 ³11,
1039 2513 1091 2533 12.

159 2574 308 2623 (1)cod.
328 2581 494 2615 carnales.
518 2599 562 2606 —-
590 2579 706 2626 (2)1d.
737 2588 864 2614 teneros
884 2599 927 2606 —
953 2581 1000 2624 (3)
1032 2582 1079 2613 Id.
1104 2583 1245 2624 poplice,
1280 2601 1322 2608 --
1350 2580 1400 2629 (4)
1434 2584 1499 2617 Id.'

111 2632 232 2666 discat.
