1868 3301
383 193 474 251 480
640 207 675 238 S·
720 205 962 238 AUGUSTINI
998 207 1201 237 EPISCOPI
1237 206 1476 239 APPENDIX.

382 288 577 319 »meum.
602 272 659 314 ita
680 280 726 313 ut
748 273 917 314 ardeam
933 305 943 321 ‚
968 280 1011 314 et
1035 272 1293 316 Charitatem
1317 289 1401 325 non
1425 274 1629 324 habuero,
1655 276 1759 318 nihil

381 359 396 379 »
412 339 513 381 mihi
536 337 748 395 prodest¹.
768 337 959 379 »Deinde
982 337 1200 395 subjungit
1225 353 1267 379 t«
1286 338 1476 382 Charitas
1499 340 1660 397 patiens
1677 350 1756 389 est,

381 404 592 461 »benigna
615 411 676 444 est
691 401 704 423 ²
726 419 738 451 ;
761 423 776 441 n
807 403 966 460 patiens
989 404 1158 445 adversa
1178 405 1419 454 tolerando,
1443 406 1623 463 benigna
1647 405 1758 448 hona

383 469 642 528 praestando,
673 467 782 510 sicut
812 469 963 509 heatus
989 466 1198 510 Antonius
1221 469 1325 511 dixit
1349 471 1487 512 abbati
1507 470 1681 513 Pastori.
1709 470 1760 512 Et

382 535 414 578 si
444 534 635 576 Charitas
670 535 834 591 patiens
870 543 933 575 est
965 542 1089 590 atque
1111 534 1317 592 benigna,
1347 537 1495 585 stude,
1519 535 1761 579 fidelissima

383 600 531 648 Mater,
557 599 701 642 omnia
725 599 935 657 patienter
956 600 1127 642 adversa
1152 601 1354 649 tolerare,
1385 601 1556 658 ipsaque
1578 603 1762 645 tolerans

385 680 485 709 cura
509 665 693 723 diligere.

952 984 1130 1028 CAPUT
1162 986 1215 1028 ΙΙ.

909 1104 970 1145 De
1000 1104 1197 1146 Humilita
1204 1114 1253 1147 le.

453 1260 700 1301 Cssnmssmss
734 1272 834 1299 vero
873 1257 952 1299 tibi
993 1258 1192 1300 convenit
1226 1256 1424 1305 credere,
1450 1258 1565 1314 quod
1588 1257 1770 1300 charitas

394 1327 482 1369 sine
503 1324 748 1367 Humilitate
779 1333 821 1365 et
855 1323 1096 1366 obedientia
1133 1323 1174 1364 in
1204 1322 1375 1365 homine
1411 1338 1496 1365 non
1531 1328 1690 1381 regnat.
1729 1324 1771 1367 Si

395 1405 494 1434 vero
527 1390 726 1432 habueris
775 1389 1052 1441 charitatem,
1085 1390 1273 1430 nosceris
1308 1388 1479 1431 humilis
1509 1398 1633 1446 atque
1673 1391 1771 1433 obe-

396 1459 528 1501 diens.
551 1454 773 1499 Humilita‘s
797 1470 979 1512 namque
1007 1470 1169 1497 summa
1196 1455 1328 1497 virtus
1351 1463 1434 1505 est;
1461 1455 1551 1497 haec
1575 1456 1625 1497 de
1647 1464 1774 1500 terre·

396 1524 459 1565 nis
482 1522 724 1564 horninibus
743 1521 933 1563 coelestes
957 1520 1082 1567 facit,
1105 1529 1147 1561 et
1170 1535 1244 1576 per
1266 1519 1375 1561 hanc
1393 1520 1586 1563 diabolus
1608 1537 1776 1579 supera-

398 1597 481 1635 tur,
517 1596 558 1628 et
590 1585 679 1642 ejus
715 1585 852 1641 laquei
882 1584 1078 1627 vitantur.
1110 1584 1225 1626 Vidit
1252 1599 1398 1627 omnes
1421 1586 1593 1641 laqueos
1615 1587 1774 1629 inimici

397 1664 537 1696 tensos
560 1652 599 1693 in
624 1652 704 1704 via,
727 1660 769 1692 et
782 1650 1065 1707 ingemiscens
1093 1650 1196 1691 dixit
1218 1649 1366 1692 beatus
1383 1650 1593 1694 Antonius
1616 1653 1777 1704 :aQuis

398 1717 591 1761 transibit
617 1716 716 1758 istos
739 1717 926 1771 laqueos.
952 1733 966 1753 υ
988 1715 1037 1756 Et
1073 1715 1230 1757 audivit
1258 1729 1404 1757 vocem
1429 1716 1639 1758 dicentem
1663 1717 1741 1759 sibi
1763 1734 1771 1760 :

409 1783 677 1826 «Humilitas.
703 1781 839 1823 »Puto
864 1795 948 1822 non
974 1795 1050 1837 pro
1066 1795 1109 1821 se
1134 1789 1297 1823 tantum
1314 1781 1417 1823 vidit
1440 1790 1482 1823 et
1503 1782 1677 1832 audivit,
1703 1784 1776 1825 sed

399 1864 475 1908 pro
501 1848 642 1900 nobis,
658 1847 730 1903 qui
752 1855 994 1903 peccatores
1012 1855 1053 1887 et
1076 1847 1320 1903 insipientes
1343 1861 1510 1895 sumus,
1537 1856 1578 1889 et
1605 1849 1728 1906 longe
1756 1864 1776 1890 a

399 1915 561 1957 meritis
579 1914 707 1971 ipsius
726 1912 953 1958 distamus,
981 1920 1026 1952 ut
1043 1926 1117 1953 nos
1138 1911 1226 1953 haec
1243 1912 1428 1969 legentes
1452 1921 1494 1954 et
1514 1927 1641 1970 opere
1665 1928 1777 1956 com-

400 1981 584 2039 plentes,
611 1977 765 2019 diaboli
785 1978 955 2033 laqueos
978 1977 1184 2033 possimus
1209 1976 1388 2025 evitare,
1413 1977 1485 2034 qui
1509 1993 1675 2035 semper
1697 1979 1777 2021 hoe

404 2044 599 2101 inquirit,
636 2042 849 2100 quomodo
880 2057 954 2084 nos
978 2042 1170 2099 decipiat.
1202 2042 1480 2085 Attendamus
1505 2044 1631 2100 igitur
1651 2060 1776 2102 quam

400 2125 550 2168 magna
575 2110 626 2152 sit
650 2110 897 2152 humilitatis
919 2109 1062 2150 virtus.
1089 2109 1217 2151 Marci
1240 2109 1366 2151 etiam
1395 2111 1592 2152 monachi
1618 2112 1676 2168 (1)
1698 2113 1778 2154 vita

402 2178 609 2225 insinuat,
647 2191 772 2232 quem
803 2176 948 2218 dicunt
980 2175 1121 2217 Patres
1152 2175 1313 2232 antiqui
1343 2176 1384 2217 in
1408 2176 1629 2232 juventute
1660 2180 1778 2225 valde

402 2243 531 2285 fuisse
568 2250 865 2289 mansuetum,
897 2241 1099 2283 humilem
1135 2256 1181 2283 ac
1209 2242 1467 2298 sapientem,
1503 2252 1544 2285 et
1572 2258 1649 2300 pro
1685 2243 1776 2300 ejus

400 2311 629 2353 virtutibus
671 2318 836 2352 tantum
882 2311 1028 2352 dicunt
1062 2310 1179 2352 illum
1222 2310 1350 2352 fuisse
1394 2310 1482 2352 Deo
1524 2311 1746 2353 amabilem
1763 2346 1772 2360 ,

400 2387 446 2421 ut
467 2412 476 2427 ,
523 2380 622 2419 dum
656 2379 707 2420 ad
739 2378 1011 2420 Dominicum
1050 2379 1273 2421 accederet
1306 2393 1459 2436 corpus
1486 2411 1496 2430 ‚
1533 2379 1716 2437 Angelus
1739 2381 1777 2422 ei

447 2484 456 2506 ¹
484 2495 495 2514 1
517 2485 592 2515 Cor.
611 2494 689 2521 x111‚
710 2484 742 2515 3.
761 2501 803 2507 -—
820 2480 833 2504 ⁵
848 2481 932 2515 Ibid.
956 2489 986 2517 4.

446 2562 498 2610 (x)
517 2563 621 2595 Sancti
641 2563 742 2595 Marci
761 2573 877 2595 nomen
896 2563 1012 2603 legitur
1034 2564 1065 2595 in
1084 2557 1316 2606 Martyro'logio
1332 2565 1480 2594 Romano
1500 2569 1541 2600 24
1559 2563 1610 2596 die
1627 2565 1778 2600 octobris.
