1885 3284
370 271 432 315 60
778 284 811 313 s.
856 282 1102 314 Aueus'rim
1137 283 1340 314 EPISGOPI

372 449 982 463 wffltumuzssstvsmnxmum*
995 448 1304 460 mmmm-mssa·-
1313 445 1491 461 »42qu
1499 450 1738 461 m”25-=2,u=

808 584 1014 628 SERMO
1050 584 1304 628 LXXVIII.

546 715 598 758 In
634 712 785 758 Natali
822 715 949 757 Beati
988 713 1225 757 Laurentii
1261 713 1483 774 Martyris
1519 714 1575 756 ΙΙ.

433 860 546 903 Idem
569 860 783 901 dicendum
802 860 970 901 videtur
988 860 1039 900 cle
1056 860 1131 900 lzoc·
1147 860 1340 901 Sermone
1351 876 1402 901 ac
1414 860 1464 901 de
1471 860 1730 917 proeeeclenti
1741 894 1751 909 ,

374 938 511 986 utpote
532 932 604 986 qui
623 929 787 986 legatur
803 933 842 968 in
860 929 1001 968 eodem
1025 927 1123 969 Cod.
1150 926 1267 968 Cass.
1289 943 1357 970 clx
1371 928 1479 984 ,fob
1505 929 1559 985 93
1573 945 1598 969 a
1623 937 1750 986 tergo.

375 997 437 1037 Sit
459 996 571 1037 locus
596 998 791 1052 ejuspost
799 995 1099 1052 praecedentem
1118 1010 1208 1035 cum
1226 1011 1392 1037 numero
1414 1000 1453 1036 in
1473 995 1627 1038 Natali
1650 995 1760 1036 beati

377 1065 590 1105 Laurentii
619 1077 673 1105 vi.

919 1189 1022 1232 SYN
1031 1189 1198 1235 OPSIS.

431 1311 564 1354 Sancti
583 1309 787 1354 Laurentii
804 1311 951 1354 invicta
966 1310 1177 1355 fortitudo.

446 1467 567 1513 Posr
596 1463 908 1528 Apostolorum
951 1463 1180 1516 victoriam
1198 1498 1209 1519 ‚
1242 1463 1368 1515 laetus
1394 1464 1658 1512 Laurentius
1682 1482 1761 1525 ag.-

381 1553 548 1598 gressus
570 1546 632 1581 est
667 1552 859 1598 pugnam
877 1570 887 1589 ‚
914 1545 956 1580 et
986 1544 1246 1581 consecutus
1279 1544 1341 1579 est
1380 1550 1587 1580 coronam
1611 1555 1624 1589 ;
1671 1547 1763 1585 erat

382 1608 497 1654 enim
518 1607 562 1652 in
583 1605 775 1655 Ecclesia
796 1604 1011 1668 praeditus
1036 1604 1179 1650 officio
1199 1604 1590 1655 Levitaruni.Cum
1610 1605 1648 1657 ei
1665 1623 1761 1668 pas-

382 1677 512 1723 sionis
536 1675 771 1736 gloriosum
793 1685 964 1738 tempus
990 1674 1245 1728 advenisset,
1265 1691 1454 1737 cumque
1480 1675 1535 1720 ab
1555 1692 1606 1720 eo
1622 1676 1760 1723 sacri-

383 1749 503 1808 legus
527 1746 659 1807 judex
683 1763 788 1809 opes
815 1746 1024 1792 Ecclesiae
1048 1746 1286 1809 inquireret
1306 1744 1558 1792 deferendas
1577 1783 1587 1802 ‚
1618 1747 1762 1793 statim

383 1821 537 1866 beatus
558 1817 820 1864 Laurentius
844 1833 1059 1880 pauperes
1079 1817 1208 1876 jussit
1231 1816 1392 1862 adduci
1414 1853 1426 1873 ‚
1457 1833 1645 1880 quorum
1675 1835 1764 1864 ma-

385 1907 467 1936 nus
486 1927 497 1947 ‚
527 1888 745 1935 collocato
768 1888 815 1933 in
839 1887 953 1933 coelo
979 1887 1185 1933 thesauro
1206 1925 1216 1943 ‚
1242 1887 1406 1935 crebris
1431 1889 1763 1937 transmissioni-

385 1962 469 2007 bus
491 1959 776 2023 adimplebat.
814 1958 893 2005 Ille
916 1975 1018 2006 vero
1051 1959 1232 2008 insaniae
1268 1975 1356 2004 suae
1395 1959 1458 2004 ira
1483 1970 1728 2006 commotus
1750 1998 1761 2017 ‚

385 2032 431 2078 in
457 2031 664 2077 auxilium
688 2029 867 2076 saevitiae
887 2046 977 2075 suae
994 2029 1192 2079 flammas
1219 2028 1433 2083 advocat3
1461 2040 1503 2075 et
1519 2041 1764 2077 commenta

385 2102 616 2166 perquirit,
640 2112 768 2165 atque
790 2101 969 2148 diversis
987 2100 1132 2163 poenis
1153 2101 1374 2156 affectum,
1398 2100 1573 2160 ignibus
1587 2100 1764 2149 beatum

387 2174 626 2235 Martyrem
664 2172 866 2235 praecipit
892 2171 1178 2220 concremari.
1227 2171 1493 2233 Torquetur‚
1537 2171 1764 2229 tunditur,

385 2244 594 2300 exuritur,
627 2252 668 2288 et
687 2242 887 2289 distentis
912 2241 1120 2289 membris
1148 2242 1303 2289 crescit
1325 2241 1379 2287 ad
1415 2257 1608 2304 poenam.
1644 2242 1763 2298 Quid

385 2314 509 2373 agis?
541 2312 649 2376 quid
674 2311 880 2358 laboras?
919 2311 1027 2375 quid
1062 2322 1218 2358 aestuas
1239 2346 1249 2367 ,
1270 2311 1405 2372 judex
1427 2315 1444 2358 Ρ
1473 2312 1671 2361 Primum
1693 2349 1703 2368 ‚
1731 2313 1765 2359 si

387 2397 512 2448 potes
530 2421 541 2440 ‚
568 2383 765 2429 animum
791 2383 867 2446 qui
885 2383 1008 2432 ardet
1028 2383 1243 2442 extingue,
1267 2393 1309 2428 et
1326 2393 1432 2428 tunc
1447 2381 1624 2427 demum
1644 2383 1765 2428 Mar-

387 2455 495 2518 tyris
513 2470 673 2517 corpus
701 2453 900 2500 incende.
926 2452 1048 2510 Quid
1071 2469 1245 2502 earnem
1262 2451 1532 2516 persequeris
1555 2452 1765 2499 confiten-

387 2526 475 2572 tis?
499 2525 614 2571 Puni
633 2561 644 2582 ‚
670 2524 705 2570 si
722 2535 846 2588 potes
865 2561 875 2580 ‚
902 2523 1205 2570 fortitudinem
1232 2523 1469 2569 tolerantis.
1491 2526 1693 2580 Praestas,
1723 2534 1764 2568 et

384 2595 522 2642 nescis
546 2614 557 2648 ;
586 2594 777 2642 consulis
797 2632 808 2651 ‚
845 2605 887 2640 et
905 2595 1091 2657 ignoras.
1125 2594 1236 2641 Nam
1261 2594 1459 2659 deposita
1476 2593 1645 2640 sarcina
1666 2609 1765 2639 cor-
