1868 3301
133 371 274 402 sEnMO
295 369 424 411 Lxxv,
453 370 499 401 IN
528 370 687 400 NATALI
711 372 746 402 S.
777 371 996 402 STEPHANI
1020 371 1323 405 mom-MART.
1402 359 1491 424 397

130 452 226 479 men
244 445 360 479 estet
376 437 494 478 valde
512 451 747 493 poenosum,
764 437 836 479 sed
853 437 1071 494 praemium
1094 441 1251 495 grande
1272 441 1311 482 in
1331 440 1485 484 futuro.

129 504 335 550 Attende,
367 502 524 549 audias,
543 502 753 558 quomodo
777 505 954 561 grand03
984 504 1126 546 audias
1144 514 1370 561 quantum.

188 569 259 611 ΙΙΙ.
298 567 539 626 Stephanus
555 569 622 610 ille
646 583 841 626 magnus,
863 569 934 626 qui
959 570 1071 612 velut
1091 570 1274 627 Angelus
1297 605 1307 621 ‚
1329 573 1493 630 primus

127 633 406 691 Jerosolymis
432 633 532 675 tuba
557 633 619 688 (ι)
648 634 828 683 cecinit,
850 650 959 676 unus
984 635 1035 676 de
1059 644 1218 692 septem
1243 638 1493 681 diaconibus

129 699 179 741 ab
203 698 414 756 Apostolis
446 697 688 746 ordinatus,
729 699 844 756 virgo
869 715 888 741 a
923 700 1011 742 Deo
1043 702 1229 752 electus,
1271 703 1492 746 viduarum

127 773 249 822 pater
271 764 486 806 institutus
506 796 517 812 ,
544 764 703 820 Spiritu
734 774 880 807 sancto
900 767 1105 822 repletus,
1132 782 1392 825 synagogam
1413 769 1493 810 Ju-

128 831 316 872 daeorum
335 837 432 887 post
455 830 588 872 sancti
612 829 791 887 Spiritus
815 831 1088 888 repletionem
1107 832 1275 875 intravit
1302 843 1344 876 et
1366 835 1492 892 coepit

127 910 226 938 cum
244 895 402 937 eisdem
422 895 636 952 disputare
651 928 662 943 ,
685 904 727 938 et
746 897 886 938 nullus
903 898 1125 940 doctorum
1145 907 1308 956 poterat
1331 900 1406 956 ipsi
1430 902 1490 957 (2)

125 961 343 1008 resistere;
368 968 659 1017 ceperuntque
680 976 778 1003 eum
800 969 840 1003 et
862 962 1167 1020 lapidaverunt.
1199 964 1249 1006 Et
1268 965 1410 1007 videns
1433 968 1488 1007 la-

124 1026 317 1084 pidantes
341 1026 397 1068 ait
415 1042 425 1067 ε
443 1044 459 1065 ι
475 1025 585 1069 Ecce
609 1026 729 1068 video
751 1028 880 1070 coelos
908 1029 1122 1086 apertos',
1146 1038 1187 1072 et
1204 1062 1213 1076 ,
1247 1030 1391 1087 positis
1421 1046 1495 1088 ge-

129 1111 144 1131 »
164 1092 312 1140 nibus,
335 1092 518 1133 clamare
540 1091 668 1149 coepit
694 1107 703 1133 ε
723 1092 925 1141 Domine,
946 1109 999 1135 ne
1017 1103 1173 1136 statuas
1196 1095 1274 1137 illis
1299 1096 1379 1138 hoc
1394 1110 1492 1154 pec-

122 1178 137 1197 υ
153 1167 295 1201 catum
312 1157 344 1197 ².
367 1177 382 1196 n
398 1156 513 1199 Vidit
536 1159 718 1214 denique
740 1160 868 1201 coelos
902 1168 1088 1217 apertos,
1124 1161 1219 1217 quia
1246 1170 1387 1218 parata
1417 1162 1493 1204 sibi

120 1222 205 1280 jam
228 1228 318 1264 erat
345 1222 432 1269 via;
456 1222 615 1264 viditet
635 1222 781 1265 Jesum
803 1233 982 1266 stantem
1002 1234 1043 1268 et
1064 1241 1147 1267 non
1170 1227 1410 1276 sedentem3
1437 1228 1494 1269 vi-

122 1287 394 1336 ditstantem,
416 1296 462 1329 ut
477 1286 700 1345 reciperet.
714 1288 872 1331 Sedere
890 1290 1115 1346 judicantis
1133 1300 1174 1333 et
1192 1293 1401 1350 regnantis
1413 1301 1491 1341 est;

121 1360 231 1396 stare
253 1368 352 1395 vero
382 1353 620 1395 auxiliantis
653 1362 729 1395 est.
758 1353 795 1396 Ο
817 1367 960 1398 sancte
992 1355 1228 1413 Stephane,
1254 1367 1488 1414 martyrum

120 1427 248 1475 caput
277 1426 319 1460 et
341 1418 623 1475 principium,
655 1418 811 1460 Christi
847 1435 943 1461 vere
974 1422 1241 1470 membrum,
1274 1425 1486 1479 quomodo

119 1499 195 1541 per
227 1484 370 1525 onmia
389 1492 559 1525 secutus
590 1499 634 1525 es
659 1484 901 1541 Magistrum
924 1487 932 1527 l
965 1487 1110 1529 Oravit
1138 1487 1224 1544 ipse
1249 1503 1328 1545 pro
1353 1504 1491 1546 perse·

117 1548 366 1605 quentibus,
393 1557 436 1590 et
458 1557 500 1590 tu
521 1548 647 1590 orasti
670 1564 749 1605 pro
772 1550 1069 1606 lapidantibus.
1087 1552 1124 1595 Ο
1147 1568 1271 1608 quam
1291 1567 1489 1610 magnum

117 1623 158 1656 et
181 1613 428 1657 admirabile
465 1616 624 1656 donum
656 1615 826 1657 donavit
855 1617 1063 1658 Dominus
1101 1617 1222 1659 militi
1255 1618 1353 1660 suo!
1398 1620 1487 1662 Non

116 1681 228 1724 enim
255 1681 523 1723 solummodo
546 1696 644 1722 eum
667 1681 837 1738 copiose
871 1683 1043 1732 ditavit,
1077 1685 1151 1726 sed
1172 1685 1297 1726 etiam
1317 1687 1368 1727 ad
1399 1701 1485 1727 cer-

113 1747 287 1789 tandum
325 1747 562 1803 peroptime
592 1746 860 1790 confortavit.
918 1748 1075 1791 Attulit
1110 1764 1293 1806 namque
1326 1753 1484 1794 donum

116 1811 359 1860 charitatis,
384 1820 431 1853 ut
467 1812 723 1869 perduceret
745 1813 797 1854 ad
820 1814 1079 1855 consortium
1102 1815 1329 1857 Trinitatis.
1361 1817 1486 1869 Quo-d

115 1892 217 1934 ergo
243 1877 399 1927 attulit,
419 1885 460 1919 et
478 1877 691 1935 erogavit,
718 1893 796 1921 uec
819 1879 897 1920 sibi
923 1879 1079 1936 aliquid
1100 1881 1266 1930 minuit,
1282 1883 1355 1924 sed
1366 1884 1486 1925 mira-

116 1941 258 1985 biliter
281 1941 458 1983 militem
478 1943 737 1999 praedotavit.
754 1944 944 1986 Charitas
960 1946 1071 1987 enim
1087 1946 1170 1994 illa,
1185 1962 1276 2004 quae
1298 1948 1386 1990 heri
1407 1949 1482 1990 de-

113 2007 254 2066 posuit
271 2006 485 2050 Christum
502 2039 511 2056 ,
537 2008 623 2064 ipsa
641 2008 766 2050 hodie
785 2008 1045 2066 Stephanum
1063 2012 1114 2052 ad
1132 2015 1284 2054 coelum
1308 2013 1481 2062 levavit:

115 2072 299 2115 charitas
320 2088 412 2129 quae
434 2073 645 2129 praecessit
661 2072 701 2114 in
723 2074 833 2130 Rege
849 2107 858 2122 ‚
892 2075 977 2131 ipsa
1002 2075 1126 2117 hodie
1151 2076 1313 2119 refulsit
1335 2078 1375 2118 in
1401 2079 1482 2119 mi—

114 2139 198 2182 lite.
231 2138 268 2181 Ο
306 2138 551 2182 admiranda
580 2139 767 2195 potentia
798 2140 1118 2196 Redemptorisl
1157 2157 1180 2182 o
1214 2144 1479 2198 praedicanda

114 2205 405 2247 indesinenter
428 2205 558 2261 gratia
581 2204 829 2246 salvatoris!
855 2206 952 2247 [leri
978 2207 1160 2249 ostendit
1180 2208 1219 2248 in
1238 2208 1367 2250 Matre
1397 2210 1480 2250 vir--

111 2270 296 2327 ginitatis
317 2277 485 2311 aeternae
523 2270 796 2318 miraculum;
838 2273 910 2312 sed
945 2271 1068 2313 hodie
1103 2273 1402 2316 demonstravit
1440 2276 1479 2317 in

110 2335 294 2392 Martyre
317 2350 477 2392 magnae
495 2335 953 2385 charitatisindiciun1;
975 2352 1136 2378 summa
1157 2339 1370 2396 integritas
1388 2340 1477 2382 heri

112 2403 398 2444 demonstrata
420 2401 498 2443 fuit
533 2401 573 2442 in
609 2400 806 2457 Virgine,
833 2404 905 2445 sed
929 2404 1054 2444 hodic
1075 2404 1311 2446 dilectionis
1345 2406 1474 2448 virtus

111 2482 283 2509 summae
310 2467 628 2524 perseverantia:
653 2467 694 2508 in
727 2467 921 2524 Martyre.
957 2469 1008 2511 Et
1028 2470 1137 2511 sicut
1162 2471 1202 2511 in
1225 2470 1355 2513 Matre
1384 2472 1469 2513 Do-

159 2587 168 2608 ¹
187 2590 261 2621 Act.
282 2598 341 2626 vn,
362 2588 415 2618 55.
436 2604 479 2610 —-
501 2584 515 2608 ²
536 2585 619 2620 Ibid.
644 2588 700 2628 59.

157 2676 205 2721 (t)
222 2677 301 2710 Cnd.
320 2679 435 2710 cubam.
450 2695 496 2702 -—
510 2678 559 2719 (2)
576 2678 624 2710 Id.
650 2679 720 2716 sihi,
739 2684 768 2709 et
790 2678 833 2710 sic
854 2679 1016 2722 deinceps,
