1885 3284
345 322 488 356 SERMO
526 322 616 364 LVI,
657 322 714 354 DE
751 324 1027 357 ASCENSIONE
1064 323 1228 355 DOMINI
1265 325 1325 356 w.
1432 325 1520 374 ‘297

149 401 192 436 et
212 391 399 438 validus,
425 399 466 432 et
490 404 653 431 summa
675 392 920 434 maturitate
945 391 1154 438 florescit,
1180 391 1467 432 testimonium
1484 401 1525 434 te

153 458 304 500 divinae
334 455 502 498 ultionis
525 455 676 511 poterit
694 458 874 499 edocere
899 473 939 497 z«
964 457 1006 499 Si
1031 455 1249 496 intraveris
1273 456 1312 497 in
1338 464 1489 497 terram
1512 488 1524 505 ‚

151 537 306 579 »quam
330 520 533 563 Dominus
557 520 668 561 Deus
692 521 766 562 tibi
791 522 932 571 dabit,
963 521 1096 578 inquit
1119 520 1282 575 Moyses
1315 522 1366 562 ad
1396 535 1527 579 popu-

152 590 268 630 »lum
285 619 295 636 ‚
319 594 362 629 et
383 586 633 643 plantaveris
658 586 698 626 in
720 602 767 628 ea
793 602 920 629 omne
942 588 1124 642 lignum,
1156 587 1269 642 quod
1293 584 1391 628 facit
1415 586 1529 628 sruc-

152 661 271 695 »tum
296 652 346 693 ad
371 652 609 699 edendum,
635 651 769 692 tribus
798 653 915 693 annis
949 667 1031 693 non
1061 650 1313 707 depurgabis
1344 650 1529 693 fructum

152 717 298 774 „ejus‚
326 717 399 758 sed
426 715 612 757 dimittes
635 715 746 757 illam
773 731 864 772 qua:
889 717 1079 758 nondum
1102 715 1229 756 arbor
1249 714 1380 757 valida
1404 714 1531 758 firmi-

154 782 268 824 »tate
294 781 543 828 roboratur,
570 795 646 822 nee
668 780 831 824 fructus
859 782 997 838 aliqua
1023 780 1267 823 maturitate
1289 789 1526 823 senescunt.

155 866 172 887 »
186 847 267 889 Sed
277 853 465 902 quartus,
482 845 632 901 inquit,
648 860 779 888 annus
791 856 958 889 sanctus
969 845 1254 889 estDomino¹.
1265 863 1280 884 ι)
1295 845 1399 888 Vide
1410 844 1530 903 Legis

156 911 390 954 conditoris
419 910 709 967 prudentiam.
734 911 940 955 Fructum
969 912 1153 970 primum
1176 924 1254 953 nec
1280 911 1527 952 manducari

155 976 362 1035 permisit,
385 990 437 1017 ne
456 984 552 1017 ante
571 975 802 1019 Dominum
825 978 1046 1035 quisquam
1061 992 1158 1019 eum
1172 976 1388 1034 percipere
1402 975 1539 1018 videa-

157 1051 331 1094 tur,nee
355 1041 412 1095 (1)
441 1039 581 1082 offerri
594 1042 826 1090 concessit,
853 1058 906 1084 ne
925 1044 1013 1086 Deo
1036 1042 1289 1083 immaturus
1314 1039 1530 1090 offeratur,

158 1108 231 1150 sed
253 1106 449 1155 Dimitte,
471 1106 622 1162 iuquit,
637 1107 732 1163 quia
748 1108 907 1164 primus
919 1117 998 1157 est,
1024 1122 1103 1150 nee
1126 1106 1292 1158 offeras,
1313 1105 1409 1163 quia
1422 1107 1537 1148 obla-

158 1171 274 1214 tione
292 1171 482 1213 nondum
505 1172 656 1228 dignus
678 1181 742 1213 est
758 1173 923 1215 fructus
938 1206 948 1221 ‚
974 1187 1053 1214 nec
1077 1172 1270 1228 accipere
1283 1171 1320 1213 ei
1340 1170 1538 1214 convenit

159 1238 432 1280 immaturum
458 1238 539 1294 (2).
577 1238 629 1279 Et
655 1238 746 1280 haee
781 1239 902 1281 nobis
934 1239 1044 1281 dicta
1069 1247 1169 1281 sunt
1189 1247 1361 1295 propter
1384 1252 1539 1294 corpus

162 1305 276 1360 quod
296 1302 487 1344 Christus
503 1302 669 1344 obtulit.
690 1304 821 1361 Igitur
835 1313 998 1346 naturae
1015 1313 1166 1346 nostrae
1184 1302 1388 1360 primitias
1411 1303 1537 1344 obtu-

160 1369 209 1411 lit
224 1367 358 1414 Patri,
374 1368 617 1408 etoblatum
641 1368 799 1410 donum
823 1369 1066 1411 miratusest
1080 1369 1216 1416 Pater,
1241 1368 1353 1423 quod
1365 1376 1407 1409 et
1425 1376 1540 1410 tanta

163 1433 342 1491 dignitas
365 1433 596 1481 offerebat,
632 1435 745 1490 quod
785 1437 950 1477 macula
976 1436 1089 1476 nulla
1122 1434 1319 1476 soedabat.
1360 1433 1464 1476 Nam
1497 1442 1541 1476 et

164 1499 248 1541 suis
277 1498 472 1540 manibus
506 1499 691 1555 suscepit
722 1499 933 1547 oblatum,
973 1509 1015 1542 et
1043 1514 1128 1542 suae
1167 1498 1276 1541 sedis
1315 1498 1415 1541 fecit
1451 1513 1541 1541 esse

163 1565 414 1623 participem
429 1596 439 1614 ,
460 1572 502 1606 et
518 1565 631 1621 quod
648 1566 742 1622 plus
764 1574 848 1614 est,
876 1566 928 1607 acl
953 1574 1118 1622 partem
1140 1579 1225 1606 suae
1249 1564 1429 1607 dexterae
1452 1566 1542 1607 col-

165 1631 331 1674 locavit.

225 1695 273 1738 V.
311 1694 626 1751 Cognoseamus
650 1695 741 1751 quis
759 1695 828 1737 ille
850 1695 902 1737 sit
935 1696 994 1751 (5)
1022 1695 1093 1751 qui
1117 1695 1276 1737 audivit
1295 1711 1305 1737 ε
1324 1714 1339 1733 ιι
1362 1693 1469 1738 Sede
1493 1698 1546 1739 ad

167 1782 182 1803 n
199 1763 413 1805 dexteram
437 1775 574 1802 meam
588 1760 627 1800 ²?
647 1779 662 1799 n
688 1776 780 1816 quoe
795 1769 944 1802 natura
965 1761 1031 1802 cui
1047 1761 1158 1802 Deus
1178 1761 1307 1802 dixit:
1329 1761 1427 1804 Esto
1444 1777 1548 1805 meae

169 1828 380 1887 particeps
404 1826 512 1868 sedis
535 1825 552 1866 't‘
581 1825 653 1866 Illa
678 1835 826 1867 natura
851 1834 913 1867 est
934 1858 945 1874 ,
977 1841 1068 1881 quae
1092 1825 1249 1867 audivit
1271 1841 1311 1867 :c
1329 1826 1457 1869 Terra
1477 1842 1520 1868 es
1536 1859 1547 1875 ,

172 1902 242 1936 »et
267 1894 307 1935 in
344 1900 499 1934 terram
525 1890 648 1932 ibis³.
674 1909 689 1930 n
723 1891 815 1934 Non
846 1891 958 1933 enim
990 1891 1217 1934 ascendere
1247 1890 1420 1949 gloriam
1454 1892 1549 1934 coeli

172 1958 406 2002 sufficiebat
441 1958 532 2013 (4),
566 1971 651 1998 nou
695 1971 791 1998 cum
825 1957 993 2013 Angelis
1025 1965 1149 1998 stare.
1181 1957 1310 1999 Sedes
1334 1957 1546 2007 transivit,

173 2024 456 2080 Archangelos
479 2022 744 2078 praetermisit
787 2022 872 2078 (5),
908 2037 1034 2080 super
1071 2021 1302 2063 Cherubim
1324 2023 1512 2064 ascendit
1536 2055 1548 2072 ‚

175 2104 302 2145 super
320 2086 539 2144 Seraphim
563 2087 765 2135 elevatur,
791 2101 869 2128 nec
887 2095 1030 2128 autem
1049 2087 1190 2134 stetit,
1214 2086 1293 2128 nisi
1312 2089 1452 2129 sedem
1471 2087 1554 2130 Do-

174 2153 373 2197 minicam
405 2150 734 2193 tenuisset.Vide
751 2167 834 2208 quo
853 2152 986 2209 spatio
999 2153 1152 2193 coelum
1166 2160 1381 2209 separatur
1393 2160 1551 2201 aterra,

176 2219 262 2262 imo
285 2225 490 2276 quantum
514 2225 557 2257 et
585 2224 694 2258 terra
727 2217 778 2260 ab
806 2216 971 2265 inseris,
1000 2226 1042 2259 et
1079 2216 1271 2258 infimum
1311 2217 1369 2273 (6)
1400 2218 1554 2259 coelum

177 2293 383 2343 quantum
400 2283 451 2326 ab
466 2282 611 2324 altiore
629 2283 737 2325 coelo
749 2292 983 2340 separatur,
1007 2292 1048 2326 et
1072 2283 1122 2324 de
1144 2282 1279 2324 altiori
1302 2283 1409 2324 coelo
1426 2298 1555 2340 quan-

178 2359 270 2393 tum
292 2349 489 2407 spatiiest
507 2347 880 2406 adArchangelos,
907 2350 958 2391 ad
980 2348 1215 2406 superiores
1237 2347 1362 2390 etiam
1373 2348 1556 2391 Potesta-

179 2426 258 2467 tes,
278 2415 331 2458 ad
353 2415 487 2473 ipsam
504 2428 673 2471 quoque
688 2414 956 2457 Dominicam
977 2415 1132 2457 sedem.
1149 2414 1285 2472 Super
1307 2414 1398 2457 haec
1416 2415 1555 2457 omnia

229 2532 240 2554 ¹
262 2529 364 2564 Lavit.
381 2539 470 2568 xxix,
492 2534 547 2566 24,
570 2528 624 2561 25.
640 2544 686 2552 —
702 2526 812 2562 21‘sal.
831 2539 895 2567 mx,
918 2540 947 2561 1.
966 2545 1010 2552 --
1024 2524 1038 2550 3
1056 2529 1140 2561 Gen.
1156 2537 1204 2566 111,
1222 2538 1274 2568 ¹9·

232 2612 285 2660 (ι)
311 2613 392 2646 Cod.
413 2624 467 2646 ne.
492 2628 538 2635 —-
558 2610 611 2652 (ο)
634 2610 683 2643 Id.
715 2610 748 2641 in
773 2610 994 2645 immaturum,
1014 2627 1059 2634 ν·-
1077 2610 1127 2650 (3)
1149 2608 1199 2642 Id.
1225 2618 1284 2642 esc.
1303 2627 1347 2635 —-·
1368 2608 1419 2655 (4)
1444 2610 1494 2645 ld.
1513 2613 1560 2644 ad

186 2681 310 2702 omnem
324 2668 463 2711 gloriam
478 2669 572 2699 coelos
589 2668 757 2711 sufficeret.
770 2684 817 2693 —
833 2666 882 2711 (5)
898 2667 947 2700 Id.
962 2667 1043 2700 male
1054 2666 1226 2709 praemisse,
1240 2684 1287 2691 —
1304 2665 1355 2713 (6)
1371 2667 1422 2700 1d.
1436 2668 1554 2710 ipsum„
