1868 3301
394 375 487 430 lgoo
655 391 690 420 s.
733 387 979 419 mensum
1014 387 1219 419 Erlscom
1257 388 1486 420 APPEme.

459 457 526 499 Vl.
553 457 683 500 Adest
705 456 772 498 ille
801 454 1109 497 amantissimus
1130 455 1270 497 Levita
1299 456 1360 513 (ι)
1391 457 1506 514 prius
1537 456 1764 516 discipulus

396 525 722 581 Apostolorum,
755 523 827 564 sed
857 521 1055 578 magister
1091 530 1132 563 et
1165 530 1284 579 pater
1317 522 1549 580 Martyrum
1586 524 1625 565 in
1660 540 1766 566 mar-

398 591 519 648 tyrio.
556 590 687 632 Adest
715 589 782 630 ille
813 587 878 628 cui
904 586 1047 628 similis
1071 602 1154 628 non
1181 588 1408 636 invenitur,
1436 589 1506 645 qui
1530 590 1589 630 sic
1606 589 1766 646 Spiritu

395 657 471 699 Dei
503 657 652 714 plenus
688 655 752 697 sit.
799 653 929 695 Adest
971 653 1037 694 ille
1070 654 1268 695 solemnis
1292 654 1439 701 miles,
1474 654 1546 711 qui
1581 657 1768 698 valenter

396 722 606 765 clamabat
634 737 642 762 :
676 738 691 759 α
724 718 903 762 Domine
926 751 936 766 ,
978 733 1028 759 ne
1057 726 1214 761 statuas
1245 719 1323 760 illis
1360 719 1443 761 hoc
1474 729 1712 776 peccatum.
1741 740 1756 761 n

394 787 468 830 Eia
492 803 590 845 ergo
615 786 796 844 gaudeas
828 783 869 825 in
897 784 1094 832 excelsis,
1130 799 1154 826 o
1187 785 1382 842 princeps
1412 785 1643 842 Martyrum
1683 788 1769 844 glo-

395 852 505 895 riose
525 886 536 903 ,
562 853 658 909 quia
681 851 790 892 sicut
816 850 1014 906 completi
1033 859 1130 891 sunt
1149 849 1235 891 dies
1264 851 1407 892 Mariae
1424 859 1471 893 ut
1494 860 1685 909 pareret,
1711 852 1771 895 sic

395 919 593 976 completi
628 925 726 960 sunt
755 916 842 957 dies
875 915 1094 963 Ecclesiae,
1123 925 1169 958 ut
1205 924 1246 958 et
1271 925 1309 958 te
1334 925 1524 974 pareret,
1551 926 1592 959 et
1616 917 1772 960 faceret

395 985 635 1027 columnam
673 989 827 1023 sanetae
855 981 999 1023 matris
1032 980 1255 1023 Ecclesiae!
1290 981 1482 1024 Gaudeas
1515 983 1557 1024 in
1575 983 1766 1031 excelsis,

394 1057 572 1092 osancte
593 1046 903 1103 Abeljustitiae,
924 1047 994 1102 qui
1009 1046 1167 1088 militiae
1190 1047 1420 1104 Martyrum
1446 1049 1635 1090 meruisti
1655 1049 1768 1090 obti-

394 1129 494 1156 nere
525 1113 836 1172 principatum!
871 1112 1054 1168 gaudeas
1087 1112 1129 1154 in
1154 1113 1349 1160 excelsis,
1373 1128 1396 1154 ο
1417 1122 1561 1155 sancte
1590 1114 1772 1171 Stepha-

394 1196 463 1229 ne,
478 1181 548 1236 qui
567 1179 859 1235 vereAngelus
881 1192 964 1218 non
985 1186 1133 1219 natura
1151 1211 1160 1226 ‚
1187 1179 1258 1219 sed
1274 1178 1403 1233 gratia
1428 1179 1580 1221 merito
1603 1193 1772 1220 nuncu-

394 1246 526 1305 paris!
554 1245 735 1301 gaudeas
764 1244 805 1285 in
835 1243 1032 1291 excelsis,
1067 1253 1207 1286 custos
1239 1244 1457 1285 viduarum
1478 1253 1519 1286 et
1551 1253 1771 1301 susceptor

394 1313 629 1354 animarum
649 1309 822 1359 Christi,
847 1309 1172 1366 contemplando
1196 1310 1377 1366 Angelos
1399 1310 1770 1367 Archangelosque

393 1377 560 1419 Christo
591 1375 756 1418 noviter
792 1382 892 1417 nato
928 1375 1236 1416 ministrantes!
1275 1376 1457 1432 gaudeas
1496 1376 1537 1417 in
1564 1376 1765 1425 excelsis,

390 1443 651 1485 sanctissime
673 1440 889 1498 Stephane
908 1473 916 1487 ‚
941 1440 1145 1482 intuendo
1167 1440 1390 1497 Apostolos
1408 1473 1417 1487 ,
1449 1440 1713 1482 Patriarchas
1726 1449 1767 1483 et

388 1509 617 1567 Prophetas
653 1522 778 1564 super
820 1506 994 1548 thronos
1026 1508 1241 1548 sedentes!
1276 1508 1458 1563 gaudeas
1492 1507 1533 1548 in
1565 1507 1762 1557 excelsis,

388 1575 649 1617 sanctissime
680 1572 922 1629 Stephane,
956 1573 1178 1614 salutando
1209 1571 1399 1627 Virgines
1431 1573 1634 1629 Martyres
1668 1588 1764 1615 cum

388 1656 538 1690 carne,
575 1640 735 1681 mundo
769 1647 810 1679 et
847 1638 1055 1679 daemonio
1086 1639 1378 1680 decertantes!
1410 1640 1592 1694 gaudeas
1629 1639 1668 1680 in
1698 1655 1749 1681 ex

387 1707 531 1754 celsis,
559 1704 824 1761 respiciendo
851 1702 1008 1744 animas
1023 1711 1265 1745 sanctorum
1281 1702 1578 1745 Conl'essorum
1593 1705 1761 1747 lumbos

387 1772 714 1830 praecingcutes!
746 1769 797 1809 Et
825 1768 919 1824 quia
943 1768 1091 1810 heatus
1125 1784 1221 1810 cum
1253 1768 1332 1810 illis
1362 1784 1404 1810 es
1423 1802 1432 1817 ‚
1460 1778 1501 1811 et
1526 1769 1565 1810 in
1589 1771 1762 1812 excelsis

386 1853 482 1881 cum
509 1838 588 1879 illis
615 1837 846 1878 collocatus
869 1849 938 1884 eS,
965 1835 1058 1876 ideo
1079 1843 1117 1876 te
1134 1867 1143 1881 ,
1164 1843 1307 1876 sancte
1324 1834 1478 1877 Christi
1503 1835 1676 1893 Martyr‚
1699 1852 1762 1878 ro-

383 1919 528 1962 gamus
551 1910 592 1943 et
611 1902 907 1949 obsecramus,
928 1908 973 1941 ut
993 1915 1140 1957 preces
1163 1901 1214 1942 ad
1232 1900 1350 1942 illum
1374 1900 1522 1942 fundas
1540 1935 1548 1950 ‚
1575 1902 1646 1957 qui
1671 1901 1759 1944 heri

383 1985 426 2012 se
447 1967 711 2014 humiliavit,
739 1974 784 2007 ut
802 1975 843 2007 te
861 1965 986 2006 hodie
1014 1966 1242 2016 exaltaret,
1277 1975 1323 2008 ut
1349 1975 1390 2007 et
1413 1981 1488 2008 nos
1515 1975 1684 2009 revocet
1709 1969 1759 2010 de

381 2036 476 2077 lacu
499 2031 676 2074 miseriae
698 2039 739 2073 et
762 2031 813 2072 de
836 2031 924 2072 luto
951 2030 1063 2072 saecis
1088 2039 1129 2072 et
1151 2031 1302 2072 umbra
1332 2031 1492 2074 mertis.
1531 2032 1756 2090 Interpella

381 2114 459 2158 pro
479 2099 599 2141 nobis
624 2096 918 2154 peccatoribus
934 2129 943 2144 ,
975 2096 1083 2138 sicut
1116 2096 1249 2138 fecisti
1273 2111 1348 2154 pro
1371 2097 1451 2138 tuis
1474 2098 1757 2154 persecutori-

379 2167 471 2208 bus.
505 2164 611 2206 Nam
635 2163 666 2204 si
687 2160 1073 2203 misericordiarum
1099 2161 1219 2203 Pater
1241 2176 1316 2203 nos
1339 2162 1400 2203 sic
1428 2162 1655 2211 dimiserit,
1681 2164 1755 2204 de-

381 2231 570 2273 ficiemus
595 2230 634 2270 in
666 2227 755 2270 via¹
780 2243 791 2276 3
826 2227 975 2269 Funde
1013 2242 1112 2283 ergo
1145 2242 1317 2283 preces,
1346 2236 1391 2269 ut
1415 2226 1612 2284 dignetur
1641 2227 1754 2270 Deus

378 2305 521 2340 noster
543 2311 617 2337 nos
641 2295 692 2336 ad
715 2309 758 2335 se
790 2302 930 2336 tecum
965 2307 1163 2334 revocare
1188 2308 1262 2350 per
1294 2293 1468 2350 gratiam
1490 2326 1500 2341 ,
1525 2293 1621 2349 quia
1653 2308 1753 2336 ecce

378 2364 462 2420 jam
486 2361 668 2418 frangit,
692 2360 777 2417 jam
802 2359 1007 2415 inquietat
1037 2374 1112 2400 nos
1136 2358 1290 2416 frigus,
1319 2358 1561 2401 stomachus
1583 2358 1668 2415 jam
1692 2359 1752 2401 in-

377 2429 517 2476 ssatur,
541 2435 666 2483 caput
693 2425 776 2482 jam
804 2433 1019 2473 curvatur,
1046 2424 1278 2482 languescit
1298 2423 1384 2480 jam
1413 2423 1606 2480 spiritus,
1633 2424 1751 2466 soetet

375 2495 458 2551 jam
485 2492 716 2539 anhelitus,
742 2490 867 2533 facies
885 2490 969 2546 jam
993 2491 1229 2539 dealbatur,
1256 2498 1415 2532 statura
1440 2489 1523 2545 jam
1550 2490 1747 2532 incurva-

423 2615 431 2636 ¹
453 2611 571 2646 Matth,
592 2622 643 2649 ΧΥ,
662 2612 715 2642 32.

419 2695 466 2740 (ι)
486 2698 580 2726 Deest
608 2694 718 2724 Les-ita
736 2692 768 2725 in
785 2693 875 2733 cod„
897 2698 928 2725 et
949 2692 1064 2725 deinle
1082 2692 1265 2725 oblitterata
1283 2698 1358 2725 sunt
1380 2692 1478 2724 verba
1509 2704 1647 2736 quorum
1672 2693 1741 2726 loro

368 2751 584 2796 supplevimus
602 2758 796 2794 martyrum.
