1868 3301
297 167 391 229 394
562 182 595 211 s.
642 180 888 212 incensum
924 180 1129 212 Eriscom
1168 180 1408 214 APPENDIX.

294 263 379 290 non
404 249 461 303 (ι)
481 247 682 296 vidimus,
711 247 781 305 qui
800 248 1167 290 vidensdominuni
1187 265 1309 291 suum
1329 249 1370 292 in
1395 265 1565 294 carcere
1583 267 1670 295 mo-

294 314 491 361 rientem,
516 328 668 371 niagno
693 314 834 371 rugitu
862 314 922 370 (2)
945 329 986 355 se
1006 315 1204 357 mordens
1229 331 1326 358 cum
1350 315 1520 360 domino
1549 319 1677 361 [nori-

294 387 363 420 tur
395 379 507 421 suo?
544 380 754 436 numquid
791 395 877 421 non
910 379 1032 421 multi
1064 395 1114 422 ex
1147 381 1264 422 vobis
1298 384 1410 439 apud
1431 382 1675 441 Hipponem

293 445 489 487 viderunt
524 460 673 488 canem
697 478 708 495 ,
755 446 827 503 qui
868 445 1013 488 videns
1055 446 1277 490 dominum
1315 464 1440 491 suum
1478 449 1520 492 in
1562 451 1676 493 lecto

293 520 510 553 mortuum
529 545 538 559 ‚
578 527 728 568 panem
752 511 924 553 domino
955 511 1198 568 porrigebat
1220 520 1262 554 et
1283 528 1429 556 carnes
1445 548 1455 564 ,
1480 522 1521 556 ct
1552 515 1674 557 blan-

292 577 408 619 diens
423 577 504 632 (5),
520 585 757 634 utpoterat,
780 577 1000 619 dominum
1019 593 1141 620 suum
1161 578 1368 621 invitabat
1383 581 1435 622 ad
1451 582 1676 622 comedon-

292 643 418 692 dum3
445 641 518 684 sed
535 641 680 685 videns
708 658 805 685 eum
827 658 912 685 non
935 643 1231 686 comedentem
1246 676 1257 693 ,
1284 658 1372 686 non
1395 645 1676 688 comedebat?

290 708 399 752 Dum
425 716 564 751 autem
597 724 750 766 corpus
780 709 968 751 defuncti
995 718 1237 767 portaretur
1268 711 1321 752 ad
1344 710 1534 765 foveam,
1561 711 1675 754 canis

291 775 456 817 cunctis
479 776 776 818 recedentibus
800 791 955 834 corpus
981 776 1143 818 domini
1174 776 1239 819 sui
1262 777 1400 834 rapuit
1423 786 1463 819 et
1491 778 1532 819 in
1555 786 1676 835 prato

290 840 445 884 ssorum
480 841 617 899 ipsum
653 842 909 890 collocavit3
952 850 995 885 et
1032 842 1276 885 custodiens
1316 844 1450 885 tribus
1493 844 1671 892 diebus,

290 908 400 950 sanie
422 908 600 950 moritur
624 907 752 950 canis.
785 908 896 950 Ecce
922 908 1104 965 denique
1123 943 1133 958 ,
1159 910 1307 951 fratres
1324 943 1334 958 ‚
1364 925 1488 952 canes
1508 919 1549 952 ct
1566 910 1673 967 lupi,

292 975 376 1016 ursi
395 983 437 1017 et
453 976 617 1023 leones,
646 983 831 1017 turtures
848 984 890 1017 et
915 975 1089 1017 eiconiae
1111 974 1238 1018 sidem
1260 985 1404 1018 tenent
1424 985 1465 1018 et
1489 985 1669 1019 servant.

292 1040 374 1083 Nos
404 1049 544 1083 autem
568 1049 610 1082 et
633 1042 848 1097 quomodo
877 1049 1040 1084 nostras
1068 1041 1346 1084 conscientias
1371 1042 1671 1092 discutiamus,

290 1107 461 1157 fratres,
496 1107 775 1150 considerate.
813 1108 885 1150 Eia
919 1123 1046 1166 ergo,
1084 1124 1108 1151 o
1140 1109 1320 1156 milites,
1344 1117 1478 1150 estote
1504 1108 1673 1151 Christo

292 1173 462 1225 fideles;
489 1173 808 1232 amplectamini
826 1173 979 1223 fiden13
1000 1189 1096 1216 nam
1119 1174 1228 1216 sicut
1247 1189 1394 1216 aurum
1413 1183 1474 1216 est
1499 1174 1672 1232 purissi-

291 1255 407 1282 mum
435 1241 495 1297 (22)
529 1241 797 1282 metallorum
829 1249 871 1282 et
904 1240 1242 1288 nobilissimum,
1279 1248 1321 1282 et
1348 1239 1499 1282 albedo
1521 1239 1674 1282 sunda-

289 1315 480 1348 mentum
506 1307 727 1348 oculorum
748 1339 758 1354 ,
794 1306 853 1348 sic
894 1314 935 1348 et
971 1306 1076 1348 fides
1103 1308 1294 1348 omnium
1326 1306 1530 1348 virtutum
1548 1338 1558 1356 ‚
1583 1306 1672 1348 sine

289 1387 371 1428 qua
395 1371 657 1429 impossihile
680 1380 742 1414 est
772 1373 941 1429 placere
963 1372 1052 1414 Deo
1068 1371 1098 1414 ¹.
1137 1371 1256 1413 Sicut
1276 1372 1341 1413 sol
1362 1379 1424 1412 est
1442 1379 1560 1428 pater
1577 1386 1668 1412 om-

288 1438 406 1480 nium
444 1440 731 1496 planetarum,
770 1439 829 1480 sic
863 1447 905 1480 ct
943 1437 1045 1481 sides
1081 1439 1271 1480 oninium
1306 1438 1522 1479 virtutum.
1553 1438 1670 1480 Hanc

289 1513 428 1546 autem
448 1504 651 1552 servavit,
677 1505 786 1545 hanc
810 1504 1043 1553 adamavit,
1071 1505 1180 1546 hanc
1205 1519 1279 1545 nos
1301 1511 1444 1545 tenere
1466 1502 1610 1545 docuit
1629 1512 1671 1546 et

289 1570 591 1613 demonstravit
612 1570 816 1627 gloriosus
845 1571 1028 1613 Thomas
1058 1571 1308 1625 Apostolus,
1342 1570 1411 1625 qui
1433 1577 1571 1611 tamen
1597 1570 1668 1611 diu

287 1638 488 1679 remansit
524 1637 766 1678 incredulus
798 1646 843 1679 ut
871 1653 948 1679 nos
981 1635 1252 1679 certificaret.
1288 1635 1376 1677 Hac
1416 1635 1498 1678 fido
1525 1644 1668 1678 sancta

288 1711 471 1745 armatus
489 1703 541 1744 ad
563 1702 723 1743 lndiam
744 1703 880 1760 pergit
897 1736 906 1751 ,
931 1712 972 1744 et
996 1703 1151 1744 ibidem
1175 1710 1259 1743 tres
1283 1701 1420 1757 Magos
1442 1702 1665 1749 convertit,

287 1777 476 1811 mortuos
491 1769 639 1810 decem
655 1776 696 1810 et
713 1777 810 1810 octo
831 1768 1118 1815 resuscitavit,
1138 1766 1401 1824 provinciam
1421 1775 1550 1809 totam
1569 1781 1668 1809 eon·

286 1834 434 1883 vertit3
460 1835 629 1876 tandem
655 1850 673 1876 a
697 1833 895 1876 carnifice
914 1834 996 1891 (5),
1022 1834 1160 1892 gladio
1180 1832 1430 1890 percutitur,
1449 1841 1490 1874 et
1515 1832 1666 1875 diffuso

285 1901 327 1942 in
349 1909 504 1944 terram
524 1901 715 1949 cerebro,
741 1901 994 1943 annoaetatis
1012 1915 1111 1949 suas,
1137 1907 1181 1940 ut
1204 1898 1362 1955 Martyr
1385 1899 1460 1940 Dei
1480 1898 1664 1956 Cypria-

283 1982 361 2010 nus
392 1968 472 2016 ait,
509 1967 788 2024 sexagesimo,
818 1967 998 2010 extensis
1027 1969 1078 2009 ad
1101 1966 1256 2009 coelum
1279 1965 1474 2008 [nauibus
1499 1973 1541 2008 et
1564 1965 1662 2008 bra—

281 2033 410 2084 chiis,
434 2034 626 2092 migravit
648 2034 699 2076 ad
722 2034 964 2077 Dominum.
994 2034 1144 2077 Amen.

331 2147 340 2170 ¹
362 2147 461 2179 Hebr.
477 2158 530 2187 xx,
550 2148 585 2179 6.

332 2230 383 2278 (1)
399 2234 493 2263 Deest
511 2243 573 2261 non
592 2230 623 2262 iu
642 2230 728 2269 cod„
746 2235 776 2262 et
797 2229 840 2262 sie
854 2227 1017 2272 deinceps.
1039 2247 1085 2254 -—
1103 2228 1148 2273 μ)
1165 2228 1244 2262 Cod.
1264 2228 1360 2268 raim,
1381 2226 1443 2260 nisi
1468 2227 1551 2270 legas
1568 2227 1660 2261 rictu.

284 2307 327 2315 .-.
342 2287 390 2334 (3)
410 2288 454 2320 [d.
477 2287 636 2318 branchis.
652 2305 695 2311 -—
717 2286 766 2330 (2)
786 2286 833 2318 Id.
847 2298 975 2328 purum.
993 2304 1039 2310 —-
1057 2284 1108 2332 (5)
1128 2286 1176 2320 Id,
1194 2285 1361 2329 pontifice,
