1868 3301
350 328 478 361 murm
515 328 568 360 niz
603 331 805 363 OMNIBUS
843 331 1138 373 viarm-mos,
1179 332 1274 366 mc.
1414 321 1506 382 499

688 517 864 561 CAPUT
894 518 969 561 lx.

472 644 532 684 De
561 643 822 686 Beatitudine
845 645 1184 703 Compunctc'om's.

205 800 488 852 Qunamvrssn
518 809 612 858 post
644 801 808 843 luctum
834 802 1072 843 annotanda
1110 804 1169 858 (1)
1205 811 1267 844 est
1289 802 1519 845 Beatitudo

148 865 496 924 Compunctionis
517 899 526 913 ,
569 875 614 907 ut
641 867 757 923 quod
794 867 954 924 plangis
989 867 1196 910 desiderio
1231 869 1514 916 emendandi.

145 947 229 975 non
259 933 318 988 (2)
346 932 498 973 iterum
528 940 568 973 tc
589 933 770 975 delectet
799 935 858 991 (5)
886 934 1076 990 operari,
1101 934 1273 976 diabolo
1296 935 1512 976 suadente.

148 997 252 1039 Cani
271 998 383 1040 enim
407 997 658 1041 assimilatur
677 999 813 1041 omnis
843 1000 1072 1057 poenitens,
1101 1000 1170 1057 qui
1194 1001 1429 1058 plangendo
1450 1001 1520 1043 ite·

146 1078 240 1105 rum
264 1063 510 1112 committit,
540 1064 651 1120 quod
671 1065 842 1122 plangit.
869 1064 994 1107 Canis
1014 1081 1204 1107 reversus
1226 1067 1278 1108 ad
1296 1067 1517 1116 vomitum,

146 1137 209 1171 est
229 1128 436 1186 poenite-ns
454 1144 644 1171 reversus
671 1132 729 1186 (4)
752 1131 804 1172 ad
822 1139 1042 1187 peccatum
1057 1131 1086 1172 ¹.
1117 1131 1233 1174 Multi
1251 1132 1362 1173 enim
1385 1134 1520 1189 lacry-

145 1208 234 1236 mas
262 1193 547 1236 indesinenter
563 1194 762 1243 fundunt,
782 1204 824 1237 et
841 1209 1018 1252 peccare
1037 1210 1118 1236 non
1138 1201 1314 1238 cessant.
1336 1195 1386 1238 Et
1406 1197 1518 1246 ideo,

146 1259 392 1302 charissima
421 1259 569 1311 Mater,
600 1269 714 1302 tuam
738 1261 970 1303 bonitatem
996 1262 1158 1309 hortor,
1191 1270 1237 1303 ut
1258 1261 1370 1318 quod
1393 1262 1515 1318 plan—

145 1325 227 1382 gis,
268 1325 421 1367 iterum
460 1339 544 1367 non
573 1326 841 1376 committas,
880 1341 931 1368 ne
967 1326 1112 1368 similis
1143 1327 1197 1369 sis
1229 1327 1286 1369 illi
1317 1328 1386 1384 qui
1410 1329 1520 1370 lavat

145 1391 320 1433 laterem
354 1391 542 1432 nondum
575 1400 769 1443 coctum,
807 1391 903 1448 quia
935 1392 1035 1433 dum
1066 1393 1196 1449 magis
1232 1392 1348 1434 illum
1380 1394 1516 1440 lavat.

145 1456 276 1512 magis
300 1457 434 1497 lutum
454 1455 566 1498 facit.
595 1456 721 1499 Isaias
745 1472 926 1513 namque
948 1457 1141 1499 hortatur
1166 1457 1310 1499 dicens
1330 1472 1340 1498 ε
1357 1475 1371 1495 α
1395 1457 1522 1500 Lava-

145 1538 161 1560 »
176 1520 303 1568 mini,
329 1519 476 1562 mundi
498 1528 656 1572 estote,
681 1521 840 1562 auferto
863 1521 1022 1562 malum
1044 1522 1345 1578 cogitationum
1365 1530 1522 1564 vestra-

147 1599 269 1626 »rum
294 1586 346 1627 de
379 1585 577 1627 cordibus
601 1584 792 1627 vestris2.
816 1604 832 1625 »
864 1584 1048 1628 Lavatut·
1074 1586 1212 1634 enim,
1237 1596 1279 1628 at
1305 1587 1365 1642 (5)
1394 1601 1519 1628 mnn-

147 1650 223 1692 dus
241 1664 326 1691 non
349 1658 437 1698 est,
462 1650 533 1706 qui
554 1658 777 1706 peceatum
802 1650 985 1707 plangit,
1010 1659 1051 1692 et
1073 1651 1196 1693 iterat
1211 1653 1324 1707 quod
1346 1652 1514 1708 plangit.

145 1713 342 1763 Lavatur,
364 1722 405 1756 ct
422 1716 603 1756 mundus
620 1713 818 1762 efficitur,
839 1715 1024 1772 quisquis·
1039 1716 1199 1773 plangit
1217 1717 1389 1764 malum,
1404 1718 1519 1773 quod

146 1779 269 1827 facit,
301 1788 342 1822 et
373 1780 524 1822 iterum
560 1795 643 1821 non
683 1781 909 1822 committit
944 1781 1243 1838 plangendum.
1287 1782 1348 1824 De
1380 1782 1516 1824 anima

146 1844 258 1888 enim
279 1877 289 1896 ,
314 1860 405 1901 quae
427 1845 585 1903 plangit
607 1855 778 1902 peccata
797 1861 868 1888 sua
888 1878 899 1894 ,
919 1854 961 1888 et
981 1847 1129 1888 eadem
1150 1847 1292 1896 iterat,
1314 1847 1516 1905 scriptum

146 1919 210 1954 est
245 1926 320 1969 per
349 1911 602 1968 Prophetam
628 1927 637 1953 ε
670 1929 685 1950 α
711 1912 849 1963 Quam
872 1912 962 1954 vilis
984 1911 1090 1954 sacta
1114 1928 1158 1954 es
1181 1912 1328 1960 nimis.
1362 1914 1516 1955 iterans

147 1976 262 2018 »vias
289 1985 380 2019 tuas
403 1975 432 2019 ³.
463 1995 478 2016 n
504 1976 598 2020 Non
633 1977 727 2019 ideo
760 1977 843 2020 hoc
865 1978 940 2020 tibi
964 1977 1128 2025 scribo,
1162 1979 1274 2035 quod
1309 1979 1368 2032 (6)
1404 1979 1456 2021 de
1479 1987 1518 2021 te

149 2041 244 2084 talia
265 2042 489 2100 suspiciam
512 2042 592 2099 (7),
609 2043 684 2086 sed
707 2051 752 2084 ut
776 2042 880 2085 scias
897 2058 1023 2100 quam
1043 2043 1148 2086 lenis
1169 2052 1212 2086 et
1233 2044 1368 2087 dulcis
1391 2043 1516 2086 Com·

148 2107 322 2165 punctio
347 2107 472 2150 debet
495 2121 601 2150 esse.

196 2225 207 2246 ¹
230 2235 249 2255 2
270 2226 356 2260 Petr.
376 2235 415 2262 ιι,
430 2235 487 2257 22.
504 2222 578 2248 -2
593 2224 668 2257 Isti.
691 2235 719 2261 ι.
742 2226 796 2259 16.
816 2241 863 2250 -·
884 2222 899 2247 ³
914 2227 1034 2257 Jerem.
1054 2236 1089 2263 n,
1110 2227 1164 2258 36.

197 2305 246 2349 (ι)
267 2306 348 2340 eod.
366 2306 630 2341 ammonendum,
655 2323 698 2332 -
725 2306 776 2350 (α)
805 2305 856 2340 td.
880 2318 950 2340 nec.
971 2325 1015 2331 —
1042 2306 1090 2349 (3)
1113 2307 1160 2338 1d.
1189 2307 1328 2338 delectas
1347 2307 1414 2339 sine
1436 2319 1516 2352 pro-

150 2362 280 2396 nomine
305 2371 347 2396 te.
371 2380 416 2387 -
435 2362 483 2406 (Ι.)
501 2365 538 2393 In
556 2361 627 2394 cod.
652 2361 740 2394 deest
753 2373 904 2395 reversus.
921 2379 967 2386 —-
983 2362 1032 2405 (5)
1050 2362 1131 2395 Cod.
1150 2362 1208 2405 qui
1225 2363 1317 2395 male.
1338 2381 1384 2389 —
1397 2363 1446 2407 (6)
1466 2365 1516 2400 ld.

150 2427 198 2454 ue.
222 2436 270 2445 -
297 2415 350 2465 (7)
376 2418 425 2451 1d.
451 2418 630 2460 suspicere,
659 2418 747 2461 quod
774 2419 856 2451 male
881 2419 1033 2462 scriplum
1062 2424 1126 2461 est,
1154 2419 1214 2450 nisi
1232 2419 1330 2452 addas
1354 2420 1515 2462 suspicere

150 2485 280 2517 quecun·

1310 2731 1383 2777 32.
