1885 3284
100 316 244 348 sEnMo
282 316 438 352 LXXIII,
481 315 522 344 lN
563 313 730 343 octavi
772 315 830 344 ss.
880 312 1024 343 ποετ.
1072 313 1213 357 verm,
1253 316 1345 347 Ετα.
1405 302 1463 358 ,45

92 382 299 428 rationem
317 381 534 441 ignorant,
554 378 729 443 laqueos
751 397 835 425 non
852 380 1043 424 minimae
1061 380 1304 425 offensionis
1323 383 1461 428 incur

90 462 192 498 runt
219 489 229 506 ,
257 461 304 497 ut
325 450 505 497 credant
543 450 628 495 hoc
651 450 748 496 loco
772 450 901 495 fidem
933 459 1092 493 certam
1122 460 1163 494 et
1189 449 1369 495 solidam
1399 452 1463 514 (1)

91 521 135 568 in
156 520 365 585 Apostolo
385 537 470 565 non
498 518 649 575 fuisse‚
680 519 756 565 ubi
776 530 817 565 et
845 518 1012 564 dicitur
1039 537 1057 563 a
1085 520 1272 565 Domino
1296 538 1305 564 :
1325 542 1344 559 a
1366 522 1466 566 Mo-

94 613 114 634 »
135 592 248 638 dicae
269 591 387 646 fidei,
404 607 537 654 quare
559 590 825 636 ‹111bitnsti19
841 611 861 632 »
886 591 983 636 Non
1005 590 1324 637 considerantes
1349 609 1465 652 mag-

92 661 334 708 nitudinem
373 661 507 724 ipsius
543 660 641 706 fidei
664 698 672 715 ‚
697 678 783 724 qua
805 661 974 706 dictum
1001 671 1063 705 cst
1083 679 1102 705 a
1131 664 1259 707 Petro
1287 679 1296 706 :
1328 683 1346 702 «
1377 663 1465 707 Do-

92 755 107 774 n
134 734 270 789 mine,
311 733 344 778 si
378 742 423 777 tu
449 749 514 786 es,
540 733 650 791 jube
676 750 742 777 me
769 732 912 778 venire
940 731 993 776 ad
1018 741 1059 776 te
1092 748 1222 795 super
1246 733 1418 797 aquas2.
1448 756 1467 775 »

91 803 274 867 Utique,
297 802 372 866 qui
391 802 498 847 dicit
526 820 534 847 :
557 823 574 841 α
592 802 733 857 Jubc,
762 824 781 844 »
799 801 1034 849 credididit
1061 804 1276 865 potestati.
1311 805 1466 864 Ingens

91 890 190 934 ergo
234 873 341 918 huic
377 872 443 934 (2)
482 871 717 918 credulitas
752 873 861 928 suit,
904 883 952 918 ut
992 872 1147 918 audaci
1187 873 1297 919 saltu
1334 884 1374 919 et
1414 874 1467 919 de

92 945 190 990 navi
231 942 452 1006 intrepido
504 942 710 988 descensu
730 981 739 998 ‚
791 942 1014 1006 profundo
1063 961 1104 989 se
1152 944 1345 989 crederet
1379 944 1467 989 ele-

91 1026 264 1070 mento,
306 1024 346 1059 et
390 1013 642 1060 inusitatam
670 1015 884 1074 gressibus
918 1014 1030 1060 viam
1064 1031 1240 1060 sccuius
1263 1015 1470 1070 intraret,

91 1101 178 1130 non
230 1094 465 1139 metuens,
511 1084 631 1148 quod
676 1095 717 1129 et
755 1101 985 1130 onerosum
1033 1095 1139 1130 essct
1181 1087 1244 1131 ’3·
1287 1085 1467 1131 humani

92 1155 286 1218 corporis
324 1122 534 1218 pondus,
575 1164 615 1198 et
651 1153 718 1218 (ss)
753 1154 970 1218 liquidum
999 1155 1129 1199 maris
1174 1155 1359 1200 solidum
1384 1172 1470 1200 non

90 1235 288 1289 portaret
311 1225 547 1284 inglessum
571 1226 761 1270 'lantum
781 1225 893 1270 enim
931 1224 1105 1270 fiduciae
1132 1224 1307 1270 Domini
1337 1225 1470 1270 verbo

92 1306 351 1359 conceperat
392 1295 576 1341 dicentis
617 1313 628 1340 ι
669 1295 810 1340 ‹Veni
828 1294 864 1351 3,
890 1315 908 1335 »
957 1305 1005 1340 ut
1042 1295 1235 1340 crederet
1284 1295 1471 1355 vestigiis

92 1367 178 1412 suis
202 1383 289 1412 non
308 1365 450 1429 pelagi
484 1366 664 1411 infidam
690 1365 975 1411 mobilitatem
1001 1365 1241 1420 subditam,
1272 1365 1344 1411 sed
1371 1377 1473 1410 tan-

92 1454 225 1501 quam
250 1447 464 1482 terrenam
490 1436 758 1482 soliditatem
794 1453 880 1481 esse
915 1436 1169 1496 subjectamv
1219 1438 1326 1481 Nam
1370 1453 1469 1481 cum

94 1508 308 1553 Dominus
327 1523 459 1570 supra
476 1524 591 1552 mare
607 1507 689 1552 iter
710 1516 874 1566 ageret,
898 1506 956 1551 ita
989 1506 1030 1551 ei
1053 1505 1122 1567 (5)
1144 1506 1372 1551 subditum
1396 1522 1469 1569 pe-

94 1578 224 1624 dibus
256 1578 592 1642 obtemperabat
622 1577 910 1633 elementum,
934 1587 981 1622 ut
1006 1594 1085 1622 nec
1126 1593 1168 1621 se
1203 1594 1320 1622 mare
1364 1577 1474 1622 sub-

96 1649 305 1705 traberet,
326 1660 368 1695 et
381 1649 645 1694 venerandas
662 1649 837 1694 Domini
857 1648 1029 1711 plantas
1049 1665 1138 1692 non
1158 1657 1366 1707 tangeret.
1383 1649 1473 1693 Nec

94 1720 251 1765 mirum
273 1755 283 1776 ,
315 1719 558 1765 charissimi
581 1757 591 1775 ‚
624 1719 657 1764 si
682 1719 719 1764 ei
746 1720 813 1781 (6)
844 1729 999 1763 natura
1032 1717 1218 1780 aequoris
1241 1717 1470 1773 serviebat,

96 1790 222 1849 cuius
235 1790 487 1835 estarbitrio
501 1800 542 1834 et
554 1789 838 1853 dispositione
849 1788 1053 1852 perfecta.
1077 1787 1165 1833 Soli
1181 1805 1282 1847 ergo
1297 1787 1475 1833 Christo

97 1859 293 1905 debitum
328 1870 419 1905 erat
441 1897 451 1913 ,
490 1870 538 1905 ut
569 1860 694 1906 siccis
719 1876 796 1922 per
815 1876 969 1922 aquam
989 1858 1181 1918 vestigiis
1205 1858 1472 1915 ambularet,

101 1941 143 1976 et
165 1930 408 1991 fragilitatis
430 1931 639 1977 humanae
662 1931 772 1976 ratio
799 1930 1071 1994 postulabat,
1101 1939 1150 1975 ut
1187 1930 1363 1975 Petrum
1390 1939 1477 1975 tur-

100 2000 227 2046 baret
267 2011 422 2046 ventus
443 2037 453 2057 ‚
497 2000 646 2065 pluvia
689 2011 878 2047 terreret.
913 2000 1021 2046 Inde
1054 2010 1115 2045 est
1150 2017 1251 2061 ergo
1286 1999 1406 2064 quod
1429 2016 1476 2045 ex

99 2081 224 2135 parte
258 2071 403 2136 aliqua
445 2088 608 2119 mersus
641 2082 725 2128 est,
759 2090 812 2118 ne
841 2072 954 2118 inter
991 2072 1131 2117 Deum
1174 2082 1215 2116 et
1249 2072 1473 2117 hominem

98 2141 211 2188 nihil
229 2142 442 2206 inciperet
470 2142 718 2207 discrepare
742 2180 754 2199 ,
798 2153 990 2206 essetque
1014 2142 1126 2187 inter
1163 2141 1364 2187 homines
1391 2157 1479 2186 non

99 2213 280 2259 minima
300 2212 523 2258 dubitatio
545 2250 555 2267 ‚
593 2214 625 2259 si
655 2214 835 2259 Petrum
861 2213 937 2259 bic
958 2212 1168 2258 vidissent
1191 2212 1344 2258 fecisse
1358 2210 1479 2275 quod

102 2283 357 2338 Christum3
385 2300 465 2329 nec
493 2283 637 2329 honor
655 2283 829 2329 debitus
851 2287 943 2329 Deo
977 2282 1229 2328 redderetur
1263 2284 1354 2346 (7),
1376 2282 1479 2346 quia

149 2413 160 2433 ¹
179 2409 298 2443 Mauh.
312 2421 381 2453 xxv,
399 2413 456 2442 31.
475 2430 515 2434 —
531 2409 545 2431 ²
566 2411 650 2442 ibid.
672 2413 729 2444 28.
742 2427 787 2434 -
801 2408 814 2432 3
827 2409 910 2441 Ibid.
930 2421 982 2450 29.

150 2498 197 2542 (ι)
213 2498 262 2530 Sic
282 2498 356 2533 cod.
378 2509 450 2538 eix3
469 2498 536 2530 haec
558 2499 652 2530 verba
680 2507 712 2529 ec
730 2498 871 2530 solidam
888 2498 1000 2530 desunt
1022 2498 1052 2529 in
1076 2496 1147 2529 cod.
1173 2509 1341 2530 cxmu.-—
1367 2499 1414 2542 (2)
1431 2501 1481 2532 Sic

103 2555 173 2587 cod.
198 2566 270 2594 ειη
297 2554 368 2587 cod.
390 2566 489 2586 cxmn
514 2555 577 2588 lu'c.
602 2572 647 2578 —
677 2554 724 2598 (55)
747 2555 826 2587 Cod.
851 2567 903 2586 cix
929 2554 1019 2585 addit
1043 2554 1157 2585 iterum
1186 2563 1218 2584 ec
1244 2560 1316 2585 ante
1333 2555 1478 2590 humani,

103 2628 148 2635 —
170 2613 214 2651 [lq
240 2610 320 2643 Cod.
347 2622 452 2641 eamn
472 2612 515 2642 in.
538 2629 580 2634 -—
598 2611 647 2653 (5)
668 2612 717 2642 Sic
736 2612 806 2644 cod.
828 2622 945 2650 cuum
965 2610 1036 2642 cod.
1055 2621 1109 2641 cix
1135 2618 1177 2643 ec.
1205 2627 1249 2632 —
1265 2609 1314 2655 (6)
1336 2610 1384 2642 Sic
1410 2611 1480 2643 cod.

104 2678 154 2700 mx
169 2679 177 2706 ;
192 2665 261 2699 cod.
279 2677 384 2698 cxmix
400 2674 432 2698 ec
446 2665 513 2698 sine
527 2666 563 2698 si.
577 2684 624 2691 —-
642 2665 689 2707 μς)
708 2668 759 2700 Sic
779 2667 851 2702 cod.
866 2678 937 2702 ουκ
955 2665 1029 2699 cod.
1049 2676 1149 2698 omn
1168 2663 1327 2697 redderet.
