1868 3301
302 296 394 354 488
569 318 602 346 s.
648 317 893 351 AUGUSTJNJ
928 322 1134 354 EPISCOPt
1172 321 1407 355 APPEme.

305 388 484 422 statuam
510 385 779 428 convertaris.
808 388 961 430 Recole
988 405 1088 447 ergo
1118 391 1232 432 iilum
1252 391 1461 450 Evangelii
1484 392 1672 435 versicu-

301 446 388 486 lum
405 478 413 493 ,
439 447 550 502 quod
582 466 595 486 n
620 449 749 492 Nemo
782 453 952 495 mittens
975 471 1144 497 manum
1170 472 1285 497 suan]
1311 458 1362 499 ad
1393 467 1577 501 aratrum
1594 489 1604 506 ,
1629 465 1671 501 et

301 512 560 568 »respiciens
582 523 696 557 retro
719 525 838 574 aptus
869 520 929 573 (1)
956 529 1018 562 est
1041 536 1169 577 regno
1193 521 1267 564 Dei
1284 521 1315 564 ¹.
1337 539 1353 561 ι»

917 701 1045 710 -—-—

854 832 1032 877 CAPUT
1064 833 1113 878 V.

710 949 773 991 De
807 949 1062 994 Continentia
1089 951 1257 1011 linguae.

349 1106 525 1154 Hom-012
554 1110 681 1153 etiam
708 1120 755 1155 ut
786 1113 827 1156 in
852 1115 1068 1158 locutione
1091 1116 1144 1158 sis
1168 1116 1416 1164 continens,
1437 1123 1484 1158 ut
1506 1115 1672 1160 assidue

291 1188 387 1216 cum
411 1174 628 1219 Psalmista
650 1178 764 1221 dicas
787 1196 828 1222 :«
859 1181 980 1224 Dixi:
1003 1182 1248 1225 Custodiam
1278 1182 1363 1224 vias
1387 1196 1501 1224 meas
1517 1191 1671 1226 utnon

291 1241 563 1297 »delinquam
597 1244 637 1286 in
661 1245 803 1303 lingua
827 1263 945 1297 mea;
976 1250 1096 1304 posui
1124 1249 1185 1291 ori
1213 1263 1308 1290 meo
1332 1248 1567 1291 custodiam
1585 1248 1615 1291 ².
1643 1267 1660 1288 n

291 1306 383 1348 Noli
408 1307 534 1364 igitur
552 1307 641 1353 aliis
662 1312 898 1356 detrahere.
928 1315 1139 1358 Memento
1163 1316 1265 1373 quid
1285 1315 1411 1358 Maria
1431 1315 1554 1357 fuerit
1581 1330 1672 1373 per—

290 1387 408 1429 pessa
441 1373 481 1416 in
512 1389 671 1426 eremo,
694 1379 863 1434 quando
892 1382 1070 1424 detraxit
1098 1381 1230 1439 Moysi
1262 1396 1381 1423 servo
1402 1381 1478 1422 Dei
1511 1395 1672 1437 suoque

289 1436 420 1478 fratri.
463 1439 510 1481 In
534 1441 642 1498 Lege
664 1444 755 1500 lege
786 1445 1032 1497 historiam,
1057 1448 1154 1503 quia
1176 1461 1252 1504 pro
1288 1446 1367 1488 hae
1395 1446 1518 1503 culpa
1545 1446 1671 1488 suerit

288 1505 402 1561 lepra
428 1508 493 1562 (2)
518 1522 717 1564 percussa
742 1519 783 1552 et
807 1514 1042 1564 maculata3
1063 1524 1310 1570 septemque
1335 1512 1482 1554 diebus
1504 1527 1671 1554 manse-

288 1568 343 1610 rit
360 1579 475 1612 extra
495 1581 648 1622 castra,
670 1590 761 1631 quze
782 1580 1054 1633 postmodum
1075 1595 1150 1636 per
1164 1579 1398 1620 orationem
1417 1578 1573 1635 Moysis
1593 1578 1670 1620 fra-

289 1634 363 1675 tris
394 1636 456 1677 sui
482 1652 501 1677 a
529 1639 644 1695 lepra
671 1643 872 1684 mundata
909 1652 985 1685 est.
1020 1644 1140 1685 Absit
1171 1653 1309 1686 autem
1339 1652 1386 1684 ut
1413 1657 1462 1684 ex
1498 1643 1666 1700 lingua,

288 1714 362 1756 per
388 1715 514 1756 quam
547 1703 839 1748 benedicimus
874 1708 1033 1756 Deum,
1068 1709 1165 1751 inde
1185 1709 1513 1756 maledicamus,
1537 1717 1578 1750 et
1601 1709 1671 1750 de-

287 1766 506 1808 trahamus
537 1770 729 1825 proximo
747 1771 778 1814 ³.
808 1773 1062 1816 Recolamus
1085 1790 1186 1832 crgo
1210 1776 1321 1831 quod
1349 1774 1554 1831 scriptum
1577 1781 1666 1823 est,

287 1831 384 1887 quia
407 1849 422 1870 (ι
448 1833 597 1877 Omnis
621 1837 835 1880 detractor
856 1840 1142 1882 eradicabitur
1158 1841 1188 1882 Δ.
1213 1860 1226 1879 »
1248 1841 1366 1882 Unde
1382 1839 1669 1882 eradicabitur

285 1899 422 1940 omnis
445 1901 801 1946 detractorPSine
821 1906 950 1948 dubio
969 1907 1020 1949 de
1036 1916 1147 1949 coetu
1168 1906 1436 1948 Sanctorum.
1460 1906 1588 1962 Ergo,
1610 1920 1664 1948 ne

286 1971 328 2004 et
352 1979 427 2006 nos
446 1965 497 2008 de
523 1968 777 2012 Sanctorum
797 1973 1010 2014 consortio
1027 1973 1309 2020 eradicemur,
1335 1971 1622 2014 custodiamus
1646 1985 1667 2014 a

285 2029 546 2075 detractione
564 2035 749 2092 linguam
770 2049 956 2080 nostram
976 2073 984 2087 ‚
1001 2047 1043 2081 et
1064 2054 1146 2080 non
1167 2038 1437 2080 detrahamus
1455 2037 1663 2093 proximo,

282 2110 409 2152 quem
431 2098 630 2153 jubemur
650 2103 823 2160 diligere
840 2137 849 2152 ,
876 2104 985 2146 sicut
1003 2105 1294 2162 nosmetipsos
1320 2104 1371 2146 Et
1393 2118 1478 2146 non
1501 2111 1665 2145 tantum

284 2176 308 2203 a
333 2163 595 2208 detractione
619 2183 696 2210 nos
716 2178 882 2226 oportet
906 2185 1099 2222 cessare,
1121 2172 1193 2211 sed
1217 2170 1342 2212 etiam
1365 2185 1384 2211 a
1405 2168 1541 2211 verbis
1561 2169 1665 2211 otio-

283 2228 361 2277 sis,
397 2232 491 2287 quia
520 2232 798 2292 Evangelium
837 2237 990 2278 clamat:
1019 2252 1028 2278 :
1067 2254 1082 2275 α
1113 2237 1175 2278 De
1199 2236 1315 2278 omni
1346 2235 1476 2278 verbo
1501 2235 1659 2285 otioso,

280 2298 425 2352 »quod
457 2299 588 2341 locuti
625 2301 781 2344 suerint
818 2302 1032 2352 homines,
1068 2304 1247 2345 reddent
1274 2302 1363 2345 Deo
1389 2301 1596 2343 rationem
1621 2300 1662 2342 in

282 2361 380 2403 »die
403 2362 597 2418 judieii⁶.
620 2367 817 2410 »Otiosus
851 2384 989 2411 sermo
1021 2377 1105 2418 cst,
1148 2369 1219 2426 qui
1248 2383 1325 2410 nee
1348 2369 1399 2410 ad
1431 2366 1565 2416 illius,
1590 2365 1661 2424 (1¹1i

280 2440 380 2469 eum
403 2430 547 2479 audit,
588 2447 666 2475 nec
704 2435 756 2476 ad
792 2435 901 2477 illius
933 2435 1003 2492 qui
1031 2434 1163 2484 dicit,
1198 2434 1381 2492 pertinet
1401 2433 1655 2492 profectum.

326 2539 335 2562 ¹
357 2543 432 2573 Luc.
448 2553 496 2579 xx,
515 2544 570 2577 62.
589 2543 665 2569 —2
683 2546 766 2579 Psai.
786 2558 930 2590 xxxvm,
950 2559 980 2579 2.
998 2565 1039 2571 —
1058 2545 1073 2570 3
1091 2545 1205 2580 Jacob.
1224 2557 1277 2586 111,
1296 2557 1331 2589 9.
1350 2563 1394 2571 -—
1408 2542 1423 2568 ⁴
1445 2548 1540 2578 Prov.
1567 2555 1659 2588 xx1v,

279 2607 336 2638 21,
354 2608 411 2632 22.
425 2615 471 2622 —
485 2596 499 2621 ⁵
513 2600 634 2635 Matth.
651 2613 709 2642 κη,
731 2603 786 2635 36.

318 2677 370 2725 (1)
382 2681 460 2714 Cod.
479 2682 560 2716 male
575 2691 680 2719 actus.
695 2703 739 2709 —
758 2684 861 2730 (2)1d
891 2697 911 2718 u
930 2686 1058 2729 lapara,
1079 2690 1109 2718 et
1128 2684 1172 2718 sic
1191 2682 1352 2727 deinceps.
