1885 3284
445 314 574 344 mmm
611 315 667 344 DE
704 313 948 343 spinrrmu
987 314 1254 345 οΕΒΤΑΜιΝΕ.
1451 301 1537 358 145

170 397 259 427 suae
276 380 386 426 vires
406 380 608 425 ascribat.
628 380 743 424 Hinc
757 390 818 424 est
835 379 950 424 enim
968 379 1088 443 quod
1110 380 1354 426 Israelitico
1370 383 1538 445 populo

170 468 249 515 per
277 452 452 512 Moysen
486 449 650 495 dicitur
680 468 690 494 ε
719 471 733 489 ιι
762 453 996 513 Postquam
1023 450 1167 496 afflixit
1194 460 1235 495 te
1261 450 1475 498 Dominus
1498 465 1540 498 et

171 543 191 563 >›
211 521 416 584 probavit
438 558 448 576 ‚
479 520 531 565 ad
557 531 793 565 extremum
819 520 1018 565 misertus
1035 531 1097 566 est
1124 521 1185 566 tui
1208 558 1219 576 ‚
1241 538 1294 565 ne
1318 520 1483 568 diceres
1498 524 1543 568 in

169 613 192 634 »
211 591 341 638 corde
363 603 436 637 tuo
455 609 465 636 τ
495 591 722 636 Fortitudo
745 609 833 637 mea
854 627 864 644 ‚
888 602 930 636 et
952 591 1088 637 robur
1106 595 1261 636 manus
1284 608 1389 637 meae
1408 631 1418 647 ‚
1441 593 1540 640 haec

171 685 192 706 »
213 663 358 708 omnia
393 663 501 707 mihi
536 663 859 725 praestiterunt,
891 661 963 707 sed
999 661 1237 709 recorderis
1262 662 1437 708 Domini
1462 664 1543 710 Dei

174 756 195 776 »
215 733 277 779 tui
305 770 315 788 ‚
343 733 462 796 quod
484 733 575 796 ipse
600 733 681 778 tibi
706 733 815 778 vires
839 732 1080 795 praebuerit
1097 732 1130 779 ¹.
1153 753 1173 773 ›>
1191 732 1307 777 Hinc
1330 744 1392 778 est
1414 735 1543 780 etiam

175 804 296 868 quod
321 820 435 866 saepe
466 820 583 848 mens
606 839 615 856 ,
646 820 746 866 quae
777 802 911 848 multa
933 804 976 848 in
1012 821 1053 848 se
1090 814 1131 848 et
1155 802 1283 848 fortia
1311 804 1416 848 vicit
1451 807 1542 865 (ι’),

179 892 314 921 unum
339 874 448 937 quid
468 874 645 920 fortasse
669 875 921 920 minimum.
952 875 1152 937 quamvis
1185 872 1362 919 solerter
1391 875 1552 936 invigi—

177 946 260 998 let,
287 963 374 991 non
403 956 650 1009 expugnat3
678 945 796 1009 quod
821 947 1028 991 nimirum
1052 945 1200 992 divina
1233 944 1553 1008 dispensatione

177 1017 319 1077 agitur
339 1054 348 1067 ,
376 1033 429 1061 ne
458 1017 648 1061 humana
683 1016 877 1061 conditio
916 1016 1110 1078 undique
1138 1015 1376 1061 virtutibus
1412 1017 1554 1080 splen-

179 1086 286 1132 dens
309 1086 352 1130 in
378 1085 564 1131 elatione
583 1086 861 1139 sublevetur3
890 1098 938 1131 ut
968 1086 1012 1131 in
1044 1102 1092 1131 eo
1115 1085 1236 1148 quod
1264 1102 1307 1131 se
1332 1103 1554 1150 superasse

178 1156 306 1203 fortia
330 1173 517 1220 quaeque
538 1156 918 1212 considerat‚dum
948 1173 1134 1219 parvum
1155 1156 1261 1218 quid
1290 1174 1375 1201 non
1411 1168 1554 1220 potest

181 1227 257 1273 diu
283 1227 484 1273 conando
509 1227 707 1287 subigere
728 1265 738 1282 ‚
766 1244 854 1272 non
877 1228 960 1273 sibi
981 1265 992 1279 ,
1016 1228 1087 1273 sed
1115 1227 1179 1272 illi
1210 1228 1437 1274 victoriam
1475 1231 1558 1274 tri-

183 1298 292 1343 buat
313 1334 324 1352 ‚
361 1301 486 1357 cujus
512 1315 687 1343 munere
720 1298 898 1360 potuit,
926 1315 1027 1361 quae
1051 1298 1232 1343 subacta
1257 1309 1357 1344 sunt
1383 1335 1394 1355 ‚
1425 1316 1558 1363 supe-—

184 1385 310 1414 rasse.
344 1368 468 1413 Unde
487 1367 577 1412 illic
600 1367 763 1412 dicitur
786 1385 796 1412 ε
827 1389 844 1407 «
867 1369 975 1413 Haec
997 1378 1097 1413 sunt
1124 1379 1271 1427 gentes
1287 1406 1298 1424 ,
1315 1386 1423 1432 quas
1444 1370 1559 1416 Deus

187 1461 207 1481 n
231 1438 465 1501 dereliquit
492 1475 502 1493 ‚
532 1450 580 1483 ut
602 1438 793 1483 erudiret
811 1439 855 1483 in
879 1439 936 1483 eis
955 1438 1159 1484 Israelem
1178 1439 1210 1485 2.
1229 1460 1248 1479 »
1276 1440 1412 1486 lsrael
1433 1459 1558 1486 nam-

186 1527 272 1574 que
294 1509 516 1555 reservatis
544 1511 746 1569 gentlbus
780 1509 997 1565 eruditur,
1034 1509 1139 1554 dum
1179 1527 1297 1556 mens
1331 1522 1475 1557 nostra
1511 1514 1557 1558 in

185 1581 332 1644 pravis
356 1581 439 1626 sihi
477 1580 774 1626 resistentibus
809 1580 967 1634 discit,
1006 1580 1108 1642 quia
1136 1598 1412 1644 nequaquam
1448 1600 1495 1628 ex
1517 1601 1559 1629 se

189 1655 355 1710 majora
375 1651 574 1711 subjecit.

252 1723 351 1768 Vll.
380 1723 489 1768 Haec
506 1723 640 1768 totius
658 1723 817 1783 negotii
835 1739 1003 1768 summa
1025 1734 1104 1778 est,
1127 1722 1281 1769 fratres
1303 1724 1563 1781 charissimi,

188 1809 324 1856 quare
351 1792 565 1839 mundum
590 1793 840 1856 reliquimus
857 1793 959 1847 ;l1ic
980 1805 1069 1839 tota
1090 1794 1220 1840 debet
1240 1796 1395 1840 versari
1419 1797 1561 1842 inten-

190 1865 250 1910 tio
277 1875 449 1911 nostra.
482 1865 582 1927 quia
609 1864 662 1910 ad
686 1882 857 1910 sacrum
891 1864 1089 1910 ordinem
1113 1882 1190 1911 nos
1209 1866 1371 1911 venisse
1394 1868 1560 1927 gaude-

192 1951 289 1981 mus
309 1955 321 1989 ;
342 1934 542 1980 videlicet
568 1946 748 1980 utmens
771 1946 934 1990 nostra,
958 1934 1169 1981 virtutum
1193 1937 1326 1982 armis
1346 1939 1559 1996 accincta,

199 2009 244 2051 in
273 2006 489 2068 spirituali
514 2007 748 2051 certamine
770 2024 811 2051 se
842 2023 1009 2069 semper
1027 2019 1218 2053 exerceat
1236 2045 1246 2062 ‚
1286 2019 1327 2053 et
1359 2010 1564 2057 vitiorum

196 2087 412 2140 portenta,
438 2093 538 2140 quae
558 2077 672 2122 circa
692 2094 770 2122 nos
792 2077 968 2122 miscere
990 2078 1196 2137 gestiunt,
1221 2078 1391 2125 fervido
1409 2082 1567 2144 spiritu

192 2147 409 2193 debellare
433 2148 812 2203 contendat.Quid
831 2148 943 2193 enim
967 2147 1200 2211 profuisset
1220 2150 1462 2197 israelitico
1480 2170 1559 2215 po-

192 2217 302 2284 pulo
326 2219 582 2282 AEgyptiaca
607 2218 911 2264 tantummodo
942 2235 1042 2264 rura
1068 2218 1334 2282 relinquere,
1364 2222 1445 2267 nisi
1479 2240 1568 2269 cer-

195 2292 311 2337 vices
331 2290 524 2336 hostium
548 2289 704 2335 bellica
725 2289 926 2336 valuisset
963 2290 1031 2352 (2)
1060 2301 1199 2349 strage
1232 2303 1485 2354 pereutere,
1522 2307 1570 2341 ut

200 2374 358 2408 terram
375 2361 587 2424 optimam
603 2361 751 2424 quieto
771 2361 1051 2424 postmodum
1069 2372 1207 2424 posset
1230 2362 1318 2407 otio
1331 2365 1564 2426 possidere.

210 2432 318 2491 Quis
342 2432 409 2495 (3)
427 2431 614 2494 denique
633 2431 853 2494 profectus
872 2443 1001 2487 esset,
1033 2431 1066 2477 si
1095 2430 1346 2479 Pharaonis
1372 2438 1534 2500 jugum
1561 2476 1572 2493 ‚

250 2542 260 2563 ¹
288 2543 477 2578 Deut.v111‚
501 2541 621 2571 16-18.
638 2557 681 2562 —
700 2537 715 2559 ²
730 2539 874 2579 Jud.1n‚
898 2551 926 2572 1.

255 2613 306 2653 (ι)
320 2611 400 2644 Cod.
415 2610 445 2640 si
461 2620 519 2653 pro
536 2609 630 2641 vicie.
647 2626 694 2633 -
711 2610 758 2651 (α)
779 2606 1026 2649 Id.ferbuisset,
1042 2615 1074 2640 et
1095 2609 1210 2641 deinde
1223 2621 1366 2652 possent,
1381 2631 1425 2636 —
1452 2613 1505 2661 (3)
1524 2618 1576 2652 ld,

203 2679 271 2710 qun.

369 2736 507 2768 cxxxl
532 2720 620 2767 bis.
1360 2742 1414 2774 ιο
