1885 3284
343 280 371 338 4
753 298 787 327 s.
830 296 1072 328 AuousrlNi
1110 295 1312 330 Emscom

339 382 438 410 meu
465 342 587 428 prius
611 363 810 421 credere,
828 381 961 430 quam
983 364 1091 411 scire
1112 380 1191 410 nos
1213 364 1418 412 convenit
1438 403 1447 423 ‚
1470 366 1572 430 quia
1594 385 1722 416 omne

337 435 459 500 quod
484 435 704 482 catholica
728 436 834 483 fides
858 437 1048 500 suscepit
1070 437 1393 494 venerandum,
1416 438 1460 484 in
1482 439 1603 486 nullo
1618 440 1724 487 otio-

334 524 429 553 sum
452 545 462 562 ‚
484 507 557 553 sed
581 518 642 553 est
664 525 833 571 semper
854 506 899 553 in
925 507 1130 553 omnibus
1146 507 1438 555 fructuosum.
1470 510 1549 555 Ille
1573 511 1686 557 enim
1707 548 1718 567 ‚

337 579 453 625 cuia
482 579 658 625 Christo
688 579 830 626 claves
856 579 971 625 datae
1001 590 1102 624 sunt
1140 580 1260 640 regni
1284 580 1498 626 coelorum
1519 619 1529 638 ‚
1565 583 1636 628 cui
1668 583 1723 628 li-

335 650 467 710 gandi
498 649 780 714 solvendique
818 661 1013 714 potestas
1055 668 1078 696 a
1119 651 1210 695 Deo
1247 651 1477 696 commissa
1509 663 1571 697 est
1591 690 1601 708 ,
1632 664 1721 698 tam

335 739 542 781 magnum
561 722 837 785 privilegium
857 721 1110 785 specialiter
1132 721 1177 766 in
1204 738 1279 767 sua
1297 739 1482 785 persona
1506 724 1719 786 suscepit,

334 804 383 839 ut
397 804 539 839 tamen
554 794 641 839 hoc
657 794 910 854 generaliter
921 794 965 839 in
983 794 1059 839 Dei
1075 793 1310 839 Ecclesiam
1326 811 1402 839 sua
1418 794 1578 840 virtute
1590 805 1724 841 trans·

334 865 536 911 mitteret.
570 865 697 911 Unde
719 864 832 911 diem
853 902 864 922 ‚
893 881 981 928 quo
1014 863 1306 928 apostolatum
1332 864 1401 911 vel
1420 865 1723 929 episcopatum

333 953 406 982 ore
428 936 595 981 Christi
616 935 801 1000 adeptus
822 936 891 998 (1)
910 945 971 981 est
990 972 1001 992 ‚
1038 936 1160 981 hunc
1193 953 1279 982 esse
1296 974 1306 991 ‚
1332 953 1420 999 quo
1445 937 1482 982 ei
1512 937 1724 984 cathedra

334 1007 563 1053 commissa
581 1018 643 1052 est
665 1045 675 1063 ,
712 1024 801 1052 non
825 1006 1182 1053 inconvenienter
1217 1008 1472 1072 accipimus.
1501 1009 1725 1054 Cathedra

333 1095 510 1142 quoque
525 1079 603 1124 ista
622 1095 708 1124 non
729 1090 791 1124 est
812 1078 879 1141 (2)
902 1079 1161 1143 pestilentiae
1175 1079 1210 1135 ff,
1241 1079 1314 1125 sed
1335 1097 1449 1125 sante
1468 1079 1684 1126 doctrinae
1707 1117 1719 1137 ,

331 1167 378 1195 ex
398 1167 483 1213 qua
511 1150 723 1196 credituri
752 1161 968 1196 vocantur
989 1150 1041 1196 ad
1063 1149 1193 1195 fidem
1214 1170 1225 1205 3
1259 1168 1305 1195 ex
1330 1167 1415 1214 qua
1442 1150 1635 1197 morbidi
1654 1168 1724 1197 re-

332 1221 506 1285 cipiunt
524 1222 776 1275 sanitatem3
797 1239 845 1267 ex
859 1238 945 1285 qua
964 1221 1163 1267 dissoluti
1182 1221 1404 1284 recipiunt
1422 1221 1722 1286 disciplinam3

335 1311 383 1338 ex
404 1310 491 1357 qua
509 1293 715 1356 discipuli
728 1293 904 1339 vivendi
926 1294 1172 1356 suscipiunt
1190 1310 1403 1340 normam.
1442 1295 1503 1340 Ex
1536 1294 1621 1340 hac
1654 1312 1724 1340 ca-

332 1365 487 1410 thedra
509 1375 668 1411 nostrae
688 1364 908 1417 Ecclesiae,
932 1364 979 1410 id
997 1375 1077 1421 est,
1100 1364 1351 1421 catholicae,
1374 1365 1590 1428 prolatam
1607 1366 1725 1412 hanc

331 1436 649 1483 institutionem
679 1437 981 1496 cognoscimus
1003 1474 1012 1492 ‚
1039 1436 1388 1496 congaudemus,
1427 1437 1646 1483 credimus
1681 1448 1724 1483 et

335 1509 610 1554 confitemur.
629 1507 713 1553 Hic
732 1524 889 1571 nempe
906 1507 1182 1553 ,beatissimus
1204 1509 1355 1552 Petrus
1370 1524 1418 1552 ex
1435 1518 1621 1571 captura
1640 1508 1725 1572 pis·

331 1579 448 1624 cium
476 1579 637 1625 electus
667 1578 722 1625 ad
755 1579 956 1625 homines
989 1578 1222 1624 salubriter
1255 1577 1497 1642 capiendos
1540 1579 1725 1626 assumi-

339 1661 411 1696 tur
431 1651 516 1714 (3).

397 1780 405 1800 ¹
429 1778 510 1810 l'sal.
528 1790 549 1817 1,
574 1790 602 1810 1.

385 1854 433 1896 (1)
452 1853 533 1885 Cod.
551 1853 711 1894 indeptus.
730 1872 769 1876 ——
793 1851 843 1896 (2)
863 1853 913 1884 Sic
931 1852 1004 1886 cod,
1023 1863 1121 1884 cxmu
1137 1862 1145 1889 3
1162 1851 1223 1883 cod
1256 1862 1289 1888 11,
1308 1862 1435 1893 quoque
1453 1863 1518 1882 non
1540 1859 1587 1882 est
1602 1853 1724 1887 illa.—

336 1908 389 1955 (3)
410 1910 491 1943 Cod.
510 1920 610 1941 cxmn
629 1908 715 1940 addit
735 1919 742 1940 :
764 1907 856 1939 Beati
876 1908 926 1938 illi
942 1908 1001 1950 qui
1018 1909 1057 1938 de
1079 1907 1230 1944 nefandis
1252 1907 1387 1945 actibus,
1410 1915 1568 1950 tanquam
1589 1909 1630 1940 de
1649 1921 1725 1940 ma·-

335 1964 602 2011 rinisfluctibus,
624 1971 654 1998 et
672 1965 715 1998 sic
733 1964 955 2002 concluditur3
978 1963 1062 1996 uude
1081 1962 1207 1995 videtur
1227 1963 1287 1995 hoc
1306 1975 1371 1995 non
1394 1974 1459 1995 esse
1483 1964 1542 1996 nisi
1562 1964 1725 2008 fragmen—

340 2028 418 2056 tum.
