1868 3301
271 387 401 420 LIBER
436 388 494 420 DE
529 388 838 421 COMPASSIONE
875 389 916 419 B.
960 388 1110 420 ›hir-121⁴:
1146 389 1364 421 vmfflle.
1440 376 1525 438 [471

165 463 293 498 strata
333 454 477 512 jacens
508 456 717 513 pallebat,
760 456 893 498 {minin
928 454 1069 497 vivens
1096 471 1104 497 :
1130 456 1295 498 vivebat
1323 455 1505 498 moriens
1524 490 1533 505 ,

164 521 391 577 vivensque
412 521 687 568 moriebatur,
713 537 789 563 nee
816 529 979 578 poterat
997 521 1116 570 mori,
1143 537 1235 578 quae
1258 522 1398 564 vivens
1416 537 1534 563 mor-

163 594 236 628 tua
257 595 361 628 erat.
390 589 433 628 ln
459 586 595 628 anima
621 587 854 628 dolorsaeve
866 586 1063 628 saeviebat
1082 587 1193 629 illius
1217 603 1225 628 :
1249 587 1420 645 optabat
1439 602 1530 630 ma-

162 651 223 709 gis
239 650 300 709 (1)
318 651 426 693 mori
449 667 574 708 quam
591 652 729 693 vivere
739 652 997 710 postChristi
1018 661 1199 694 mortem
1219 656 1279 708 (2)
1292 685 1302 702 ,
1318 668 1408 710 quae
1425 652 1536 695 male

161 717 304 759 vivens
332 726 498 760 mortua
531 722 670 759 tamen
703 726 805 760 erat.
844 718 906 759 Ibi
932 717 1092 759 astabat
1129 719 1273 760 dolens
1296 751 1306 771 ,
1344 716 1536 760 confecta

161 796 270 825 saevo
294 782 462 832 dolore,
488 791 713 840 expectans
737 782 892 824 Christi
916 797 1067 840 corpus
1090 783 1243 840 deponi
1265 785 1318 825 de
1335 797 1476 825 cruce.

221 847 288 891 VI.
326 848 424 890 Haee
449 848 643 906 plorabat
669 847 811 890 dicens
833 864 875 890 ια
897 849 989 891 Heu
1017 849 1110 890 me!
1140 849 1224 891 heu
1252 849 1342 891 me!
1378 847 1542 890 reddite

160 931 275 959 nunc
289 917 452 959 miserae
467 932 620 973 corpus
643 918 708 958 vel
726 932 935 974 exsangue
961 917 1022 974 (5)
1045 931 1053 958 :
1074 917 1316 975 complestis
1335 925 1456 965 vota3
1481 931 1548 958 ex-

161 982 342 1025 tinctum
366 983 564 1040 deponite
581 982 733 1032 Matri,
762 984 825 1025 vel
848 984 881 1025 si
905 983 1009 1025 libet
1033 982 1208 1024 Matrem
1235 983 1293 1039 (4)
1314 997 1382 1024 me
1405 990 1543 1024 morte

158 1047 322 1106 jungite
353 1048 438 1097 illi,
474 1056 522 1090 ut
555 1048 682 1090 simul
705 1063 901 1104 peream,
933 1047 1151 1090 doloribus
1173 1047 1302 1090 finitis
1330 1046 1540 1104 ejusdem.

157 1111 387 1170 Deponite,
412 1128 577 1171 quaese,
600 1115 803 1172 deponite
821 1114 924 1156 mihi
947 1115 1143 1162 cadaver,
1168 1122 1216 1156 ut
1241 1113 1421 1155 habeam
1450 1127 1540 1154 me-

159 1193 258 1222 cum
279 1179 372 1236 ejus
394 1181 587 1223 exanime
621 1196 789 1238 corpus.
823 1180 931 1222 Mihi
961 1181 1149 1222 solamen
1183 1180 1262 1222 erit
1297 1182 1362 1222 vel
1395 1180 1544 1222 saltem

158 1243 317 1288 habere
336 1246 624 1288 defunctum.»
638 1245 766 1288 Juxta
784 1260 955 1288 crucem
976 1246 1113 1287 stabat
1126 1245 1253 1288 Maria
1270 1244 1546 1287 considerans

159 1311 277 1353 vultu
305 1311 488 1370 benigno
513 1311 729 1353 Christum
752 1313 1009 1368 pendentem
1029 1310 1170 1368 stipite
1192 1325 1302 1352 saevo
1318 1342 1328 1359 ,
1345 1309 1550 1368 pedibus-

159 1390 242 1433 que
264 1377 426 1426 nitens‚
452 1378 495 1419 in
521 1378 652 1419 altum
681 1392 831 1419 manus
854 1377 1042 1426 levabat,
1067 1377 1328 1434 amplectens
1349 1389 1540 1423 crucem,

160 1455 288 1484 ruens
310 1443 352 1484 in
374 1444 517 1485 oscula
539 1442 655 1499 ejus,
680 1442 834 1485 Christi
861 1457 942 1499 qua
969 1450 1088 1500 parte
1110 1442 1326 1501 sanguinis
1349 1442 1460 1484 unda
1483 1440 1545 1483 ri-

159 1509 305 1565 gabat,
329 1517 375 1551 ut
401 1509 618 1552 Christum
642 1509 839 1565 amplecti
867 1509 1047 1558 valeret,
1074 1510 1188 1565 quod
1213 1509 1388 1550 minime
1420 1515 1548 1565 pote-

160 1583 239 1618 rat.
263 1573 441 1617 Sursum
459 1590 611 1616 manus
635 1574 812 1616 tendere
833 1573 1086 1624 conabatur,
1116 1574 1214 1630 quia
1237 1589 1355 1616 amor
1374 1581 1546 1630 superat

158 1640 315 1689 multa,
341 1655 433 1696 quae
462 1655 559 1682 raro
591 1641 655 1682 vel
679 1654 898 1696 nunquam
930 1639 1009 1681 sibi
1034 1640 1091 1696 (5)
1119 1638 1210 1681 fieri
1238 1647 1446 1696 possunt:
1473 1638 1548 1681 sed

157 1705 236 1747 sibi
250 1706 307 1762 (6)
325 1705 419 1747 cedi
442 1703 575 1747 multa
598 1705 822 1762 impatiens
842 1719 960 1746 amor
977 1706 1113 1747 credit
1131 1719 1141 1746 ι
1162 1705 1332 1747 volebat
1347 1703 1546 1762 amplecti

159 1770 379 1814 Christum
394 1771 436 1813 in
449 1771 532 1813 alto
547 1771 822 1828 pendentem,
848 1771 920 1813 sed
942 1785 1095 1813 manus
1122 1772 1180 1828 (7)
1202 1770 1359 1813 frustra
1378 1770 1478 1813 sein
1501 1785 1547 1813 se

158 1838 391 1894 complexae
411 1836 598 1895 ligabant
626 1838 707 1893 (8).
734 1837 788 1879 Se
809 1838 950 1878 levans
979 1851 1002 1879 a
1027 1846 1137 1879 terra
1161 1853 1328 1880 sursum
1355 1837 1548 1894 erigebat

158 1904 211 1945 ad
236 1902 480 1950 Christum,
502 1907 545 1944 et
568 1904 678 1944 male
706 1901 990 1944 collidebatur
1023 1903 1074 1945 ad
1106 1911 1292 1951 terram;
1323 1917 1421 1944 eum
1450 1911 1529 1944 tan-

155 1983 254 2026 gere
269 1983 353 2010 nen
367 1968 548 2020 valebat,
567 1977 610 2010 et
627 1968 685 2010 ibi
706 1976 913 2025 prostrata
933 1967 1119 2025 jacebat,
1143 1969 1339 2026 depressa
1363 1969 1542 2010 immen-

157 2034 279 2077 sitate
300 2035 456 2077 doloris
471 2069 482 2084 ,
500 2044 542 2078 et
566 2050 587 2077 a
611 2043 722 2077 terra
746 2035 907 2092 impetu
932 2035 1124 2091 ejusdem
1156 2035 1308 2077 amoris
1340 2035 1541 2092 surgebat

158 2097 373 2142 Christum
401 2100 576 2142 intensis
613 2100 810 2142 manibus
843 2100 1018 2157 cupiens
1054 2105 1280 2143 attrectare
1322 2102 1403 2158 (9).
1440 2100 1544 2142 Erat

156 2165 270 2208 enim
290 2181 443 2224 magno
465 2166 651 2209 cruciata
674 2167 820 2209 dolore
835 2199 845 2215 ,
868 2175 909 2208 et
930 2175 1084 2208 terram
1108 2166 1276 2208 interim
1305 2175 1450 2223 petere
1468 2179 1541 2209 co-

155 2230 349 2288 gebatur,
366 2231 462 2288 quia
475 2231 650 2275 tuncilli
670 2233 778 2274 male
800 2240 889 2274 erat
908 2232 1048 2274 vivere
1071 2232 1153 2274 vita
1178 2231 1248 2274 tali
1267 2232 1399 2287 magis
1423 2230 1537 2287 (ιο),

155 2311 284 2354 quam
300 2299 442 2341 necari
456 2299 508 2341 ab
535 2298 674 2356 impiis
697 2298 836 2356 gladio
872 2313 988 2340 saevae
1018 2297 1181 2340 mortis.
1212 2297 1315 2340 Inde
1336 2306 1538 2354 tanquam

156 2364 305 2407 mortis
315 2366 448 2422 pallor
460 2365 550 2423 ejus
571 2363 813 2423 perfuderat
836 2366 872 2422 (ι
888 2365 923 2421 1)
943 2366 1106 2407 vultum
1124 2379 1221 2407 cum
1239 2363 1356 2422 genis
1374 2371 1415 2406 et
1436 2378 1534 2411 ore:

156 2429 309 2474 rubeas
332 2431 488 2474 Christi
512 2433 665 2483 undas,
694 2439 831 2490 guttas
862 2431 1076 2489 sanguinis
1107 2432 1306 2474 cadentes
1337 2429 1539 2488 tangebat

158 2495 298 2539 animo
322 2498 529 2541 dolorosa.

205 2600 252 2646 (ι)
275 2604 374 2634 Deest
404 2601 509 2645 magis
525 2601 559 2634 in
579 2600 654 2635 cod.
682 2618 729 2626 -
757 2598 809 2647 (2)
839 2603 938 2633 Deest
962 2608 1094 2631 mortem
1121 2599 1155 2632 in
1188 2599 1261 2633 cod.
1291 2616 1333 2623 -
1360 2595 1412 2643 (3)
1435 2597 1487 2630 Sic
1505 2598 1540 2630 in

156 2661 248 2690 textu
262 2669 272 2697 ;
286 2668 384 2701 super
399 2658 518 2691 lineam
535 2664 640 2691 autem
663 2657 826 2691 exanime.
845 2674 890 2681 —
905 2656 953 2700 (4)
970 2656 1052 2690 Cod.
1070 2655 1183 2689 Macri.
1201 2673 1244 2679 —
1263 2654 1312 2699 (5)
1333 2653 1383 2688 Id.
1403 2653 1463 2683 sibi
1480 2663 1539 2695 pro

157 2723 179 2744 a
194 2710 362 2759 sea—(6)
381 2713 433 2746 ld.
456 2713 509 2746 ibi.
526 2731 572 2740 —
599 2712 718 2757 (7)1d.
739 2713 821 2745 male
846 2712 937 2744 addit
962 2724 1039 2744 non.
1063 2730 1104 2736 —-
1136 2709 1186 2756 (8)
1217 2711 1266 2743 [d.
1294 2709 1472 2750 negabant.
1492 2725 1536 2732 ——

157 2767 206 2813 (9)
222 2769 271 2804 Id.
294 2778 489 2805 attractare.
506 2789 550 2796 —
567 2769 640 2813 (ιο)
660 2772 757 2801 Deest
771 2769 876 2811 magis
897 2769 932 2801 in
947 2768 1018 2801 eod.
1039 2768 1129 2811 -(1
1141 2765 1173 2812 ι)
1193 2767 1243 2801 Id.
1255 2766 1486 2809 perfimderat.
