1885 3284
444 198 530 243 133
698 215 733 245 s.
778 215 1023 246 Ateuffl'tm
1059 215 1262 247 limacum
1303 214 1538 243 Am’mmx.

441 280 772 335 suspendamur,
807 290 848 322 ct
881 297 900 322 a
926 282 1092 322 diabulo
1127 281 1177 322 ad
1215 281 1423 321 infernum
1459 278 1612 336 pariter
1640 292 1737 319 cnm
1760 293 1809 319 eo

441 344 671 385 trahamur.
720 345 801 395 Qui
835 346 944 387 enim
980 347 1123 387 odium
1152 347 1190 386 in
1216 347 1343 387 corde
1369 360 1535 400 semper
1559 352 1721 400 portat,
1755 359 1811 384 sc-

442 410 607 451 cundus
631 411 821 451 diabolus
853 421 938 459 est,
972 412 1105 468 etqui
1129 427 1275 468 pacem
1314 411 1504 467 impedit,
1528 408 1811 450 Antichristus

438 483 521 521 est,
547 484 589 515 et
619 475 690 531 qui
723 492 867 532 parem
903 478 1010 517 inter
1033 478 1178 518 fratres
1209 491 1364 534 ponere
1385 476 1575 522 ordinat,
1619 489 1713 515 vere
1737 474 1810 515 Dei

440 539 550 581 filius
574 549 647 583 est.
676 541 919 591 Attendite,
947 543 1094 585 fratres
1114 577 1125 594 ‚
1152 543 1321 584 Mariam
1345 576 1354 590 ,
1381 542 1578 597 quoniam
1604 541 1812 582 «Multum

440 626 453 644 u
472 606 634 653 ditexit,
663 617 704 648 ct
729 607 822 649 idco
848 609 1014 649 dimissa
1041 617 1137 650 sunt
1170 609 1205 649 ci
1239 615 1412 664 peccata
1444 605 1591 647 [nulla1
1613 605 1656 646 P»
1700 604 1814 656 Quid

441 672 565 713 etiam
584 673 707 714 l’etro
726 675 836 715 Dens
857 675 981 723 dixit,
1013 675 1090 716 nisi
1114 675 1285 716 :«Petre
1302 706 1310 720 ,
1340 688 1452 713 amas
1476 671 1627 713 mest-'tm
1651 672 1701 712 Et
1718 671 1813 727 quia

442 738 594 778 amavit
617 771 628 786 ‚
657 739 809 780 meruit
844 748 884 780 et
909 741 1059 787 amari,
1085 740 1242 781 meruit
1270 747 1311 779 et
1335 739 1479 779 audire
1507 753 1547 778 t«
1561 737 1688 778 Pasce
1717 751 1814 778 oves

441 819 583 845 »meas
608 838 615 851 ,
657 820 779 861 pasce
819 821 947 862 agnos
970 821 1087 847 meos
1107 805 1135 847 ³.
1167 826 1179 844 »
1226 806 1337 856 Quid
1375 805 1499 845 etiam
1525 803 1736 859 Diacipulo
1760 803 1816 844 ait

441 869 511 926 qui
526 868 725 926 diligebat
741 870 904 918 Jesum,
928 880 969 912 et
992 886 1116 928 quem
1136 870 1257 912 Jesus
1280 869 1480 925 ditigebat
1499 869 1538 909 P«
1558 868 1718 909 Dilecto
1739 868 1813 914 mi,

441 936 559 977 νεηίΔ
594 936 647 977 nd
668 952 733 976 me
756 969 764 983 ‚
804 937 898 993 quia
926 947 1089 995 tempus
1112 938 1174 980 eEt
1196 946 1241 978 ut
1263 936 1459 993 epuleris.
1489 953 1502 972 »
1536 935 1688 976 Pacem
1712 949 1813 990 ergo

443 1000 692 1048 habeamus,
707 1001 876 1049 fratres,
901 1002 933 1043 si
955 1018 1103 1060 pacem
1121 1017 1218 1044 cum
1238 1002 1404 1043 Christo
1427 999 1584 1041 habere
1603 999 1810 1040 volumus.

443 1065 485 1107 Si
508 1066 566 1107 vis
591 1067 759 1108 amaria
788 1066 956 1108 Christo
976 1100 986 1117 ,
1014 1083 1104 1109 ama
1134 1067 1352 1108 inimicum
1387 1073 1558 1122 propter
1582 1064 1811 1104 Christum.

440 1132 483 1173 Si
506 1147 604 1189 ergo
629 1133 688 1173 vis
712 1133 866 1180 amari,
887 1148 977 1174 ama
1001 1149 1008 1174 ι
1034 1134 1145 1174 hauc
1171 1130 1488 1188 amplectimini,
1509 1130 1617 1170 hanc
1641 1128 1815 1185 diligite,

439 1197 550 1239 hanc
574 1213 721 1255 pacem
750 1207 790 1239 ct
815 1199 1088 1241 concordiam
1112 1208 1272 1240 servate
1309 1212 1438 1253 usque
1462 1197 1512 1237 ad
1536 1202 1714 1236 mortem
1735 1227 1745 1242 ,
1784 1194 1818 1235 si

440 1263 564 1304 vultis
587 1279 683 1305 cum
703 1266 788 1305 Deo
812 1279 958 1322 pacem
981 1265 1149 1306 habere.
1178 1265 1259 1305 Pax
1285 1263 1396 1304 enim
1420 1261 1609 1302 omnium
1630 1259 1819 1301 custodia

440 1338 481 1371 et
499 1344 598 1370 cura
623 1330 828 1371 virtutum
852 1339 938 1378 cst3
963 1331 1072 1371 hauc
1090 1345 1235 1386 pacem
1252 1330 1291 1369 iu
1310 1343 1385 1370 suo
1409 1336 1504 1369 ortu
1524 1326 1693 1383 Angelis
1711 1341 1818 1382 prze-

441 1395 576 1452 cepit,
599 1410 744 1451 pacem
765 1411 873 1452 saepe
894 1396 1155 1437 annuntiavit
1177 1394 1411 1451 Apostolis,
1439 1408 1581 1449 pacem
1601 1391 1819 1449 praedicari

440 1461 643 1517 praecepit
672 1461 937 1509 hominibus,
963 1476 1108 1518 pacem
1135 1476 1210 1517 pro
1238 1468 1489 1501 testamento
1513 1457 1721 1515 Apostolis
1750 1458 1819 1498 de·

441 1526 629 1580 reliquit,
658 1541 805 1582 pacem
827 1527 867 1567 in
890 1541 1017 1567 cruce
1040 1528 1227 1583 pendeus
1252 1524 1499 1581 postulavit,
1526 1538 1670 1579 pacem
1697 1523 1736 1563 in
1759 1538 1819 1564 sa-

442 1590 602 1632 crificio
625 1591 699 1632 toti
718 1593 876 1647 populo
904 1591 1174 1649 praenuntiari
1202 1590 1355 1638 voluit3
1388 1591 1502 1631 nulla
1527 1589 1710 1644 denique
1749 1589 1819 1630 da-

440 1656 557 1697 bitur
580 1657 719 1704 venia,
742 1656 818 1697 nisi
842 1656 1020 1713 pacifico
1044 1657 1149 1698 viro.

498 1722 572 1763 IXt
611 1722 757 1763 Pellite
785 1738 883 1780 ergo
909 1738 928 1763 a
957 1724 1074 1764 vobis
1099 1723 1178 1764 hoc
1202 1723 1346 1764 odium
1367 1755 1377 1771 ‚
1403 1720 1668 1762 mortiferum
1691 1735 1819 1762 vene-

442 1801 559 1828 num.
592 1787 742 1828 Pacem
762 1788 872 1829 inter
897 1804 966 1829 vos
991 1788 1159 1836 habete,
1179 1788 1275 1844 quia
1300 1788 1446 1829 fratres
1464 1786 1561 1827 estis
1579 1803 1588 1832 ;
1605 1801 1690 1827 uno
1709 1786 1820 1826 enim

443 1853 539 1908 pani
559 1886 568 1901 ‚
606 1853 856 1894 indumento
890 1869 972 1894 uuo
1005 1853 1111 1911 nigri
1138 1853 1289 1895 coloris
1313 1853 1401 1908 (1),
1428 1851 1499 1893 uni
1524 1866 1640 1907 aquae
1675 1866 1822 1892 omncs

444 1919 761 1976 participamus.
787 1919 1050 1962 Revocemus
1080 1922 1136 1976 (2)
1168 1921 1309 1977 igitur,
1335 1919 1510 1965 fratres,
1547 1917 1599 1959 ad
1636 1926 1821 1959 nostram

446 1985 692 2026 memoriam
711 1987 825 2041 qnod
848 1985 1053 2027 Dominus
1077 1987 1126 2027 ab
1147 1985 1317 2026 inimico
1343 1985 1556 2026 osculatus
1580 1991 1668 2031 est,
1695 1991 1735 2024 et
1759 1992 1821 2025 ta-

446 2066 543 2092 men
568 2051 751 2092 amicum
770 2059 891 2093 vocat
913 2052 1029 2092 illum
1050 2051 1322 2108 proditorem.
1359 2049 1538 2091 «Amice
1559 2081 1569 2096 ‚
1596 2047 1746 2104 inquit,
1772 2050 1822 2090 ad

446 2136 460 2156 n
476 2117 577 2174 quid
600 2116 771 2158 venisti⁵
794 2116 811 2158 Ξ)
837 2136 850 2155 υ
883 2117 991 2159 Date
1015 2117 1140 2173 igitur
1166 2114 1519 2158 reconciliationis
1542 2128 1687 2170 pacem
1708 2146 1717 2162 ‚
1750 2115 1824 2155 sed

447 2199 529 2226 non
556 2185 748 2225 osculum
767 2183 1040 2240 proditioni&
1064 2183 1135 2240 qui
1154 2184 1266 2224 enim
1298 2181 1396 2223 ficte
1421 2180 1639 2222 inimicum
1656 2180 1823 2220 oscula-

449 2258 530 2298 tur,
566 2250 630 2290 vel
656 2249 785 2290 verbo
822 2249 1061 2295 blanditur,
1088 2249 1203 2290 Judae
1228 2246 1453 2304 proditoris
1476 2245 1647 2286 fratrem
1670 2259 1761 2285 esse
1782 2252 1825 2285 et

448 2315 610 2357 socium
631 2315 723 2371 quis
741 2314 983 2356 dubitabit?
1003 2315 1075 2355 scd
1088 2313 1158 2370 qui
1178 2327 1320 2355 amore
1339 2310 1511 2358 Christi,
1536 2308 1645 2351 filius
1668 2308 1823 2350 Christi

445 2389 520 2423 est.
564 2379 645 2423 Vos
679 2380 789 2422 enim
812 2412 822 2428 ,
855 2380 1024 2426 fratres,
1068 2394 1250 2435 quorum
1282 2377 1363 2419 vita
1390 2378 1460 2419 lux
1483 2374 1632 2417 mundi
1650 2373 1663 2394 ⁶
1687 2391 1699 2423 ;
1725 2374 1824 2416 licet

493 2476 599 2507 ¹Luc‚
626 2486 685 2514 vn,
711 2482 766 2515 47.
792 2493 837 2498 —
854 2473 868 2496 2
884 2477 983 2507 Joan.
1014 2485 1091 2512 xxn,
1114 2485 1166 2513 17.
1182 2491 1225 2497 -—
1240 2470 1352 2505 31bid.
1377 2473 1431 2512 16,
1454 2481 1505 2510 17.
1521 2487 1567 2495 —
1590 2467 1603 2491 ⁴
1620 2471 1724 2513 Apoe.
1741 2480 1824 2508 xxm,

449 2544 500 2572 ¹7·
522 2550 563 2556 -
579 2530 592 2554 ⁵
608 2531 963 2568 tt=1attt1.xxv1,50.—
978 2528 992 2551 ὃ
1010 2530 1057 2565 Μ.
1080 2541 1108 2569 v,
1132 2536 1186 2567 14.

515 2607 543 2647 ι)
561 2605 640 2637 (lod.
660 2606 752 2647 nigro
766 2606 882 2636 colore.
895 2623 937 2630 --·
961 2606 1000 2645 ⁷2)
1020 2603 1068 2637 Id.
1089 2603 1271 2634 redeamus.
