1885 3284
396 328 477 387 178
654 338 685 363 S.
733 334 972 363 AUGEsTtNi
1013 334 1217 363 EPlSCOPl
1260 335 1496 364 APPENDlx.

390 406 546 448 Desero
575 405 626 443 ad
646 415 850 458 praesen&
879 401 972 441 ideo
999 414 1125 455 rogo,
1151 410 1199 442 ut
1221 402 1334 442 nulla
1357 401 1561 443 dissensio
1585 401 1637 443 sit
1659 402 1768 444 inter

388 487 481 517 vos:
508 484 591 510 non
609 469 745 509 solum
765 481 887 521 rogo,
916 467 988 508 sed
1024 474 1065 507 et
1098 467 1344 508 mandatum
1380 467 1511 515 faci03
1548 482 1627 508 nec
1659 469 1767 510 ullus

390 538 543 579 audeat
560 535 695 591 ipsum
708 531 960 588 transgredi,
983 531 1061 572 boc
1074 531 1186 573 enim
1207 534 1455 574 mandatum
1474 548 1630 574 novum
1645 548 1765 582 voco,

387 604 503 661 quod
522 610 662 642 tamen
678 606 792 639 vetus
815 606 898 644 est,
925 598 1000 638 sed
1023 612 1178 639 novum
1203 613 1322 646 voco,
1338 607 1384 639 ut
1405 598 1446 639 in
1466 598 1584 640 vobis
1603 614 1771 657 semper

390 675 631 712 renovetur.
656 665 756 706 Ideo
780 663 1002 720 specialius
1021 663 1103 705 hoc
1118 665 1364 706 mandatum
1381 663 1500 705 vobis
1524 664 1647 712 facio,
1672 665 1768 722 quia

399 753 414 774 α
433 736 479 776 ln
504 735 586 775 hoc
612 738 869 787 cognoscent
893 744 1064 778 omnes,
1092 729 1208 785 quod
1231 729 1313 770 mei
1346 729 1442 770 estis
1466 728 1660 785 discipuli
1684 763 1694 778 ‚
1737 731 1770 772 si

389 821 405 840 u>
423 797 692 841 dilectionem
716 793 1010 836 habueritis¹.»
1027 794 1162 836 Certae
1173 795 1284 836 enim
1300 794 1473 836 virtutes
1492 804 1666 850 possunt
1682 810 1771 836 esse

390 878 639 909 communes
663 870 747 903 tam
778 860 899 901 bonis
937 875 1063 914 quam
1102 860 1248 908 malis3
1291 861 1365 901 sed
1396 859 1568 901 dilectio
1607 867 1772 902 tantum

393 929 640 975 Christianis
670 926 812 969 debita
835 934 912 966 est.
941 925 1052 966 Ecce
1076 925 1242 983 signum
1269 925 1483 966 bonorum
1508 924 1773 967 Christiano-

389 1012 506 1044 rum,
533 994 564 1036 si
587 1007 735 1051 pacem
753 991 913 1032 habent
932 992 982 1032 ad
1005 991 1203 1039 invicem,
1225 992 1418 1048 sipacem
1443 999 1584 1032 amant
1602 1000 1644 1033 et
1667 1006 1772 1048 quae·

390 1070 510 1109 runt,
545 1060 576 1101 si
601 1072 748 1116 pacem
773 1065 973 1112 tanquam
1007 1057 1170 1099 divitias
1197 1058 1514 1114 amplectuntur
1539 1072 1548 1096 ε
1576 1056 1642 1098 isti
1676 1066 1772 1099 sunt

389 1125 647 1188 praedicandi
684 1132 726 1164 et
765 1123 932 1164 dicendi
960 1122 1100 1170 beati,
1135 1122 1204 1179 qui
1240 1123 1338 1164 totis
1362 1121 1583 1164 affectibus
1622 1137 1772 1178 pacem

391 1191 713 1249 concupiscunt.
746 1187 831 1244 Ipsi
847 1188 934 1228 veri
958 1186 1032 1229 filii
1058 1188 1135 1229 Dei
1158 1196 1278 1236 sunt,
1304 1187 1379 1244 ipsi
1403 1188 1514 1229 cives
1531 1188 1737 1229 coelorum
1762 1220 1770 1235 ,

394 1260 470 1317 ipsi
494 1257 752 1313 Angelorum
780 1252 882 1295 socii
904 1285 914 1301 ‚
939 1253 1015 1310 ipsi
1040 1253 1295 1295 Sanctorum
1319 1253 1560 1294 delectatio.
1585 1253 1670 1294 Soli
1695 1269 1771 1308 pa-

391 1323 502 1368 cifici
524 1321 599 1364 filii
615 1319 691 1363 Dei
709 1318 846 1360 vocati
864 1319 1002 1360 sunt².
1031 1320 1115 1370 Qui
1138 1334 1234 1361 vere
1247 1333 1401 1376 pacem
1416 1326 1543 1366 amat,
1572 1318 1644 1359 Dei
1663 1317 1774 1360 filius

391 1400 454 1435 est
483 1405 492 1431 z
519 1387 590 1445 qui
619 1401 715 1428 vero
740 1399 886 1442 pacem
909 1384 1062 1442 frangit
1084 1387 1147 1427 vel
1170 1384 1370 1442 impedit,
1391 1399 1442 1425 ex
1462 1392 1582 1441 patre
1605 1384 1774 1427 diabolo

391 1465 481 1506 est,
508 1463 549 1496 et
578 1451 850 1494 antichristus
886 1459 971 1496 est,
999 1459 1040 1492 et
1075 1451 1323 1507 perditionis
1351 1449 1493 1492 filins²
1530 1458 1607 1492 est.
1634 1450 1775 1501 Quam

393 1531 532 1566 autem
550 1517 819 1561 dilectionem
834 1517 1064 1558 debeamus
1078 1517 1252 1564 habere,
1271 1515 1442 1572 exponit
1455 1515 1661 1558 Dominus
1679 1531 1777 1558 cum

393 1589 451 1630 ait
477 1603 518 1628 :a
542 1584 660 1625 Sicut
682 1582 806 1622 dilexi
830 1597 901 1623 vos
919 1581 946 1623 ³.
980 1602 994 1619 ι)
1039 1581 1131 1624 Non
1164 1582 1275 1623 enim
1304 1580 1448 1622 dilexit
1472 1595 1548 1621 nos
1569 1581 1776 1624 Dominus

394 1651 644 1698 dilectione,
669 1662 751 1703 qua
775 1647 953 1703 diligunt
973 1646 1166 1695 homines
1187 1681 1196 1695 ,
1223 1662 1377 1704 nempe
1406 1648 1463 1702 (1)
1492 1646 1685 1689 homines
1714 1647 1775 1689 fa-

396 1720 554 1761 cientes
578 1725 620 1756 et
647 1721 871 1770 operantes
893 1713 1180 1768 iniquitatem,
1205 1713 1315 1753 sicut
1333 1712 1512 1768 cupidus
1531 1712 1774 1768 pecuniam,

395 1787 505 1828 sicut
526 1779 764 1824 luxuriosus
791 1778 1006 1819 foeminam
1026 1811 1034 1825 ‚
1069 1779 1177 1820 sicut
1206 1778 1426 1835 hypocrita
1463 1778 1653 1835 gloriam.
1695 1778 1778 1820 lsta

398 1848 623 1893 dilectione
646 1859 730 1885 non
754 1843 897 1884 dilexit
928 1859 1002 1885 nos
1039 1844 1272 1891 Dominus;
1303 1843 1396 1884 ideo
1428 1859 1513 1885 non
1546 1844 1617 1885 tali
1651 1844 1779 1886 dilec-

395 1918 509 1959 tione
531 1912 734 1954 debemus
759 1908 930 1965 diligere
954 1909 1163 1955 homines,
1192 1911 1263 1950 sed
1286 1924 1363 1964 qua
1391 1909 1534 1950 dilexit
1556 1924 1649 1956 nos,
1669 1909 1779 1951 sicut

399 1982 525 2024 homo
556 1974 769 2020 homines;
819 1975 893 2015 scd
938 1982 1109 2030 propter
1143 1974 1367 2015 utilitatem
1410 1983 1596 2016 nostram
1634 1974 1778 2016 dilexit

399 2062 474 2090 nos
496 2078 505 2094 ,
537 2052 585 2085 ut
613 2055 799 2083 essemus
831 2039 964 2081 sancti
987 2049 1028 2081 et
1051 2040 1310 2082 immaculati
1333 2041 1374 2081 in
1399 2039 1775 2097 conspectuejus·'';

397 2112 512 2170 quod
532 2108 658 2151 faciat
680 2113 721 2147 et
745 2105 953 2147 concedat
986 2104 1073 2162 ipse
1099 2105 1171 2161 qui
1194 2114 1256 2147 est
1273 2105 1523 2147 benedictus
1548 2106 1589 2147 in
1606 2106 1771 2148 saecula.

399 2178 548 2220 Amen.

445 2290 455 2310 ι
475 2283 594 2319 Matth.
614 2294 644 2321 v,
663 2293 695 2323 9.
718 2299 761 2304 —
779 2277 795 2301 2
810 2281 906 2312 Joau.
925 2290 1007 2317 xvu,
1028 2292 1079 2311 12.
1099 2299 1142 2304 -—
1159 2277 1172 2303 ³
1188 2280 1236 2313 Id.
1254 2291 1326 2325 xm,
1344 2282 1397 2319 34.
1415 2299 1456 2305 -·-—
1479 2278 1494 2302 4
1510 2280 1629 2324 Ephes.
1653 2293 1682 2321 x,
1698 2287 1730 2318 4.

445 2360 494 2405 (1)
510 2358 589 2393 Cod.
607 2367 698 2388 nam.
