1885 3284
219 275 362 307 SERMO
386 276 523 316 LXXX,
552 276 599 305 IN
627 275 964 305 DECOLLATIONE
987 276 1022 304 S.
1048 274 1238 305 JOANNIS
1258 275 1385 305 BAPT.
1415 276 1464 306 ΙΙ.
1527 262 1588 323 69

215 363 236 383 »
253 342 334 387 bus
355 342 440 388 suis
457 341 489 388 1.
518 364 537 383 ·.·›
554 342 710 387 Merito
737 342 882 405 itaque
903 339 1153 402 Discipulos
1173 351 1352 402 propter
1370 341 1584 387 innocen-

214 413 321 458 tiam
342 424 504 458 sanctae
528 413 630 458 vitae
649 413 805 457 ovibus
830 411 1133 474 comparavit3
1157 410 1286 473 lupos
1328 421 1471 456 autem
1509 429 1580 457 eos

213 484 429 543 significat
451 521 461 539 ,
481 483 556 546 qui
577 496 675 546 post
694 483 937 545 passionem
964 481 1136 526 Domini
1165 481 1232 544 (1)
1260 481 1487 544 Apostolos
1509 520 1518 536 ‚
1546 494 1588 527 et

212 554 433 599 universos
452 553 598 598 fideles
619 554 663 598 in
685 553 863 598 Christo
882 551 1104 597 credentes
1123 551 1356 597 crudeliter
1373 555 1586 614 persecuti

209 633 320 668 sunt.
358 624 478 668 Inter
495 640 602 687 quos
620 622 807 686 qualiter
830 621 1053 668 ambulare
1069 621 1323 674 debeamus,
1345 622 1468 685 quasi
1486 623 1586 684 pius

208 705 358 757 pastor
373 704 615 758 praemonet
638 693 827 740 dicendo
854 711 864 738 :
894 715 914 735 α
941 694 1088 738 Estote
1103 728 1113 745 ‚
1136 692 1303 755 inquit,
1323 693 1454 738 astuti
1475 694 1586 739 sicut

210 785 230 805 »
253 775 469 827 serpentes
485 801 495 818 ‚
524 774 566 809 et
585 764 651 827 (2)
675 763 891 827 simplices
911 763 1024 808 sicut
1040 762 1261 808 columbae
1275 763 1307 809 ².
1321 784 1339 803 »
1359 763 1463 808 Vult
1484 781 1584 823 ergo

210 835 422 881 Dominus
444 834 535 897 (3),
563 846 612 880 ut
637 835 748 880 sicut
780 834 1000 881 columbae
1024 844 1126 879 sunt
1154 833 1244 878 sine
1282 833 1385 878 dolo
1421 844 1462 878 et
1494 834 1584 878 sine

205 904 303 951 felle
326 942 337 962 ,
367 922 447 951 nec
467 906 760 951 meminerunt
790 905 1058 960 iracundiae,
1089 905 1150 950 sic
1187 915 1228 949 et
1268 922 1345 949 nos
1368 904 1458 949 sine
1482 904 1583 949 dolo

205 975 402 1031 malitiae,
430 986 472 1021 et
495 976 585 1021 sine
601 975 715 1029 felle,
739 976 859 1039 quod
884 986 946 1021 est
971 975 1219 1020 amaritudo
1245 975 1432 1039 peccati,
1456 975 1583 1020 obliti

202 1046 448 1092 iracundiae
463 1057 505 1092 et
526 1047 787 1107 injuriarum
808 1084 819 1103 ‚
847 1047 891 1092 in
911 1045 1114 1109 praesenti
1133 1046 1294 1091 saeculo
1314 1047 1374 1090 ita
1391 1045 1578 1091 humili-

204 1127 267 1162 ter
285 1117 485 1163 vivamus
502 1154 512 1172 ‚
543 1127 591 1162 ut
614 1117 827 1180 promissa
859 1116 1009 1163 divina
1032 1116 1217 1179 praemia
1243 1116 1396 1162 merito
1433 1115 1581 1178 capia-

203 1203 314 1234 mus.
337 1187 394 1232 Et
413 1208 432 1228 c<
458 1187 601 1232 Astuti
620 1224 629 1242 ‚
668 1187 844 1250 inquit,
887 1187 1002 1232 sicut
1029 1196 1246 1249 serpentes
1263 1185 1297 1233 1.
1325 1208 1344 1227 υ
1409 1186 1580 1232 Astutia

201 1257 412 1320 serpentis
435 1257 503 1321 (4)
525 1259 696 1303 cunctis
716 1257 973 1303 hominibus
996 1257 1172 1316 cognita
1194 1267 1269 1302 est.
1287 1257 1398 1302 Nam
1413 1256 1447 1301 si
1467 1254 1580 1301 forte

199 1326 423 1374 devenerit
447 1327 493 1373 in
517 1345 670 1374 manus
700 1328 884 1374 volentis
919 1344 961 1373 se
989 1327 1214 1382 occidere,
1244 1338 1385 1372 totum
1414 1343 1578 1389 corpus

197 1414 324 1443 suum
346 1397 487 1461 plagis
506 1409 547 1444 et
569 1398 825 1445 vulneribus
853 1398 1011 1454 tradit,
1035 1408 1077 1443 et
1093 1398 1206 1443 nihil
1227 1397 1346 1443 aliud
1371 1397 1491 1442 omni
1506 1396 1576 1459 (5)

198 1468 354 1513 astutia
380 1479 545 1523 servat,
568 1469 650 1514 nisi
674 1480 810 1532 caput
845 1486 973 1514 suum
999 1469 1220 1531 integrum
1237 1467 1460 1514 custodiat
1481 1467 1572 1530 (6)

198 1537 269 1583 Ad
293 1537 416 1601 quod
435 1538 680 1602 exemplum
705 1533 877 1585 a-s'tutiae
904 1550 947 1583 et
978 1556 1057 1584 nos
1081 1554 1403 1601 provocamur,
1432 1548 1481 1582 ut
1501 1574 1512 1594 ,
1541 1538 1576 1583 si

196 1618 394 1672 tempore
417 1610 731 1672 persecutionis
750 1610 794 1655 in
816 1609 1019 1654 manibus
1044 1608 1325 1654 inimicorum
1346 1607 1573 1653 deveneri-

195 1696 310 1735 mus,
328 1696 412 1742 pro
429 1681 575 1742 capite
591 1691 756 1736 nostro,
778 1680 826 1725 id
844 1690 922 1735 est,
945 1696 1026 1742 pro
1046 1679 1155 1725 Filio
1180 1679 1261 1724 Dei
1283 1678 1461 1723 Christo
1481 1678 1551 1722 Do

196 1749 315 1795 mino
335 1760 482 1795 nostro
505 1760 643 1796 totum
669 1768 830 1814 corpus
848 1750 1075 1796 tormentis
1101 1760 1143 1795 et
1161 1748 1390 1812 suppliciis
1407 1786 1417 1803 ,
1440 1748 1570 1794 etiam

193 1820 279 1884 ipsi
303 1821 436 1866 morti
452 1821 751 1880 subjiciamus,

259 1891 318 1937 ΙΙ.
365 1891 561 1953 Denique
595 1902 769 1937 sanctus
803 1893 992 1938 joannes
1025 1891 1221 1954 Baptista
1243 1928 1254 1947 ,
1283 1892 1412 1950 cujus
1441 1887 1569 1935 etiam

194 1960 382 2007 natalem
407 1960 641 2021 adjuvante
682 1962 859 2008 Christo
883 1963 1016 2009 hodie
1040 1962 1327 2018 celebramus,
1357 1977 1459 2006 cum
1483 1969 1571 2004 tota

194 2032 393 2077 membra
428 2033 624 2094 corporis
667 2034 731 2079 sui
768 2045 905 2097 caput
943 2033 1190 2078 amitterent
1213 2070 1224 2089 ‚
1270 2031 1490 2092 gaudebat
1525 2030 1570 2074 in

194 2101 292 2148 sinu
322 2101 388 2166 (7)
415 2103 620 2165 perfectae
646 2103 821 2150 deitatis
854 2103 1121 2150 recumbere.
1152 2102 1346 2149 Herodes
1380 2117 1570 2163 namque

241 2219 252 2241 ¹
271 2222 366 2251 Joan.
384 2230 430 2257 κε,
452 2230 501 2249 11.
519 2218 727 2252 —2Mat1h.
749 2232 782 2262 x,
808 2222 858 2251 16.
877 2239 911 2244 ⁶-
927 2218 941 2242 3
960 2219 1044 2252 Ibid.

240 2289 292 2336 (ι)
320 2295 357 2323 In
381 2291 491 2323 codice
516 2292 627 2325 abrasa
651 2293 800 2325 videntur
821 2305 828 2325 ε
856 2296 993 2334 Propter
1011 2292 1125 2322 Filium
1151 2291 1225 2323 Dei.
1245 2309 1288 2315 ——-
1316 2288 1362 2336 (2)
1382 2293 1458 2322 Haec
1475 2290 1569 2321 verba

191 2347 291 2379 astuci
304 2347 386 2379 sicut
403 2357 566 2389 serpentes
583 2349 697 2381 desunt
715 2350 748 2381 in
766 2349 875 2381 codice
887 2374 894 2387 ,
913 2348 967 2380 sed
990 2353 1142 2380 contextu
1160 2347 1325 2378 evidenter
1344 2347 1566 2389 requiruntur.

191 2403 386 2446 ——g32'Vide
402 2406 586 2435 Sermonem
606 2416 695 2444 inv,
713 2416 731 2436 n
765 2407 782 2435 3
803 2412 831 2435 et
856 2413 887 2442 4.
904 2405 956 2436 nbi
980 2410 1083 2435 textas
1101 2403 1210 2434 iisdem
1234 2403 1338 2434 verbis
1359 2403 1519 2439 laudatur,
1539 2411 1567 2433 ei

194 2458 278 2490 unde
294 2457 411 2490 eaedem
429 2465 597 2490 recurrunt
613 2460 787 2491 senteutiae.
810 2479 851 2484 --
872 2458 919 2505 (4)
941 2463 1016 2491 Haec
1033 2459 1127 2490 verba
1148 2459 1269 2489 astutia
1287 2458 1443 2500 serpentis
1459 2458 1571 2488 desunt

195 2514 226 2546 in
245 2514 366 2556 codice,
381 2515 437 2546 sed
447 2526 538 2546 sensu
553 2515 620 2557 ipso
637 2516 863 2549 restituuntur.
879 2533 924 2540 -
941 2518 989 2556 (5)
1008 2515 1086 2546 eod,
1108 2515 1187 2546 male
1204 2515 1352 2545 domi.-—
1370 2510 1422 2559 (6)
1442 2513 1571 2543 Videin

195 2570 406 2612 quaestionum
420 2582 483 2603 xvii
498 2571 530 2602 in
547 2573 752 2614 Evaugelium
774 2570 921 2604 Matthaei
941 2572 1035 2608 libro,
1056 2570 1264 2612 (piaestionem
1282 2583 1404 2601 vx11.—-
1426 2567 1471 2610 (7)
1487 2568 1566 2599 Cod.

193 2627 274 2657 mal-2¹,
293 2627 325 2656 ῐη
344 2638 388 2657 5¹³.
