1868 3301
299 332 391 377 380
558 348 591 374 s.
639 345 882 374 AuensTia‘i
923 345 1124 375 ErisCOPt
1164 346 1399 376 arrianum.

302 434 314 453 n
331 430 389 462 sc,
405 413 512 454 sicut
530 412 725 469 parvulus
750 410 846 461 istc,
869 425 950 451 non
977 411 1378 467 poteritnrcsistcre,
1396 428 1471 455 nec
1487 432 1500 451 «
1516 413 1670 456 intrare

302 482 370 523 »in
394 493 569 537 reguum
590 476 838 519 coeIornm'.
878 495 891 515 »

359 546 429 587 Ill.
469 544 505 587 O
540 552 746 585 amatores
773 542 866 584 vitae
891 542 1107 598 przesentis
1127 576 1136 591 ,
1164 558 1186 584 o
1211 542 1308 592 filii,
1337 544 1481 586 l'ratres
1518 545 1672 587 charis-

300 613 415 656 simi.
437 611 570 652 tollite
592 610 792 657 loricam,
817 610 1006 650 lanceam
1027 620 1068 649 et
1086 610 1270 666 gladium
1294 611 1423 652 Patris
1444 612 1569 654 vestri
1594 645 1603 661 ‚
1631 621 1674 655 et

301 678 359 720 sic
382 678 433 718 ad
461 691 642 734 pugnam
669 676 829 733 pergite
864 689 872 715 :
909 675 1088 732 accipite
1123 675 1297 717 loricam
1322 675 1442 723 fidei,
1481 678 1672 720 lanceam

300 743 386 802 spei
410 777 419 792 ,
444 752 485 785 et
506 742 689 799 gladium
714 741 930 783 charitatis
966 756 975 782 ε
1001 742 1088 782 haec
1113 742 1225 783 enim
1249 742 1325 783 tria
1350 743 1528 784 coelestis
1551 744 1673 787 Pater

300 825 375 866 pro
396 816 645 850 testamento
669 806 862 863 reliquit,
896 808 1066 863 quando
1092 807 1196 849 dixit
1224 823 1266 847 2«
1290 806 1331 848 Si
1353 808 1443 864 quis
1468 810 1559 850 vult
1580 818 1674 865 post

301 890 396 916 »me
421 874 585 923 venire,
613 874 730 915 tollat
753 887 924 914 crucem
950 888 1066 914 suam
1106 881 1147 914 et
1185 882 1386 929 sequatur
1410 873 1517 916 me².
1541 893 1556 913 n
1589 875 1673 918 Sed

300 942 440 984 dicent
464 956 473 983 ε
498 940 585 998 Ego
611 939 802 982 Christus
826 954 909 981 non
931 954 1045 988 sum,
1086 953 1162 981 nec
1189 940 1414 996 Apostolus
1438 940 1527 996 ejus
1551 956 1670 990 sum,

300 1022 376 1049 nec
397 1008 510 1050 velut
533 1005 771 1063 Stephanus
794 1021 884 1047 esse
907 1021 1090 1063 possum.
1129 1005 1195 1048 Ad
1222 1021 1347 1062 quem
1371 1014 1506 1048 mater
1536 1021 1545 1048 :
1582 1007 1674 1051 Noli

298 1073 469 1121 timere,
493 1070 551 1113 fili
574 1071 661 1120 mi,
697 1071 897 1128 quoniam
925 1072 1001 1113 alia
1034 1070 1098 1113 via
1125 1079 1216 1120 est;
1248 1087 1342 1113 nam
1375 1071 1408 1113 si
1430 1072 1674 1130 Magistrum

300 1138 416 1195 sequi
434 1153 517 1180 non
540 1136 670 1193 possis
689 1137 746 1193 (1)
770 1152 844 1193 per
864 1136 972 1178 viam
994 1136 1193 1185 rubeam,
1218 1138 1364 1179 saltem
1388 1152 1562 1194 sequere
1581 1154 1678 1180 eum

298 1219 371 1263 per
385 1201 1671 1258 candidam3namipse«Dilectuscandidusetrubicundus⁸3›>

298 1284 394 1312 nam
415 1267 593 1311 vidimus
615 1275 898 1309 eumeuntem
924 1281 999 1324 per
1027 1267 1135 1309 viam
1160 1268 1441 1310 rubicundam
1458 1302 1468 1317 ‚
1494 1269 1536 1310 in
1555 1269 1679 1312 horto

297 1336 470 1394 ligatum
492 1366 501 1384 ‚
519 1333 708 1390 colaphis
728 1334 1013 1390 expalmatum
1037 1365 1045 1381 ,
1068 1333 1199 1390 sputis
1215 1334 1387 1383 illitum,
1414 1333 1587 1392 flagellis
1607 1351 1682 1377 cae-

297 1418 410 1450 sum,
435 1400 563 1458 spinis
601 1407 868 1446 coronatum,
886 1399 1125 1456 opprobriis
1142 1408 1378 1442 saturatum
1395 1433 1404 1448 ,
1429 1400 1469 1442 in
1492 1402 1681 1457 patibulo

298 1475 452 1527 etpost
473 1475 651 1509 mortem
678 1467 937 1508 lanceatum.
974 1466 1073 1507 Haec
1100 1466 1212 1508 enim
1237 1467 1314 1508 suit
1338 1467 1575 1508 rubicunda
1598 1468 1681 1509 hu·-

300 1533 489 1577 militatis
511 1532 589 1574 via.
618 1531 833 1587 Numquid
856 1531 981 1572 etiam
1004 1547 1087 1573 non
1117 1531 1178 1589 (2)
1205 1532 1473 1574 humiliatum
1498 1533 1677 1576 vidimus

302 1602 342 1643 in
365 1598 589 1657 praesepio,
616 1598 835 1639 humiliter
855 1597 1110 1654 pendentem
1135 1598 1184 1638 ad
1209 1598 1338 1638 ubera
1361 1606 1515 1640 sancire
1546 1597 1681 1657 Virgi-

303 1667 366 1708 nis
388 1664 549 1713 Marioe,
588 1663 658 1719 qui
677 1678 751 1704 suo
777 1664 916 1719 palmo
939 1671 1091 1704 cuncta
1123 1663 1364 1711 concludit,
1382 1678 1507 1719 quem
1527 1665 1680 1707 coelum

303 1741 344 1774 et
367 1739 478 1772 terra
503 1744 653 1786 capere
673 1742 756 1770 non
777 1735 958 1785 poterat,
982 1728 1243 1784 suppositum
1270 1737 1311 1769 et
1328 1728 1515 1770 oblatum
1540 1729 1578 1770 in
1604 1745 1686 1771 ma-

304 1796 428 1840 nibus
447 1794 726 1836 Sacerdotum
744 1827 754 1842 ,
782 1802 823 1835 et
846 1793 1099 1835 collocatum
1133 1793 1174 1835 in
1206 1793 1313 1835 ulnis
1338 1793 1445 1834 servi
1469 1794 1531 1835 sui
1551 1796 1684 1837 sancti

304 1859 541 1903 Simeonis?
570 1858 759 1901 Vidimus
798 1873 895 1900 eum
928 1858 1052 1899 ctiam
1087 1873 1188 1900 cum
1224 1858 1471 1916 parentibus
1514 1860 1599 1902 suis
1645 1861 1686 1903 in

306 1924 537 1972 Nazareth,
562 1932 603 1966 et
639 1924 833 1966 subditus
862 1932 953 1965 erat
980 1924 1058 1965 illis
1075 1923 1105 1966 ¹¹.
1130 1924 1344 1981 Numquid
1369 1925 1494 1966 etiam
1519 1941 1603 1968 non
1621 1926 1685 1968 vi-

307 1993 445 2034 dimus
468 1999 596 2048 caput
613 1992 843 2031 verendum
867 1989 1037 2046 Angelis
1053 2021 1062 2038 ‚
1083 1990 1318 2031 timendum
1343 1991 1510 2048 regibus
1527 2024 1536 2039 ‚
1562 1991 1687 2034 incli-

308 2058 396 2101 nari
419 2056 497 2098 sub
519 2057 715 2098 manibus
737 2054 963 2111 Baptistae?
981 2055 1088 2112 Ergo
1106 2088 1115 2104 ,
1148 2055 1299 2098 fratres
1315 2087 1325 2104 ‚
1351 2055 1382 2097 si
1406 2072 1489 2099 non
1516 2057 1687 2100 creditis

307 2138 429 2181 posse
460 2123 657 2165 incedere
692 2137 767 2179 per
793 2122 901 2163 viam
929 2121 1235 2171 rubicundam,
1273 2121 1447 2165 omnino
1480 2139 1554 2181 per
1577 2124 1686 2166 viam

310 2189 559 2232 humilitatis
577 2188 747 2246 expedit
764 2203 836 2230 vos
861 2187 1048 2229 transire.

371 2255 440 2299 IV.
479 2255 583 2298 Nam
608 2263 705 2296 sunt
728 2254 853 2310 aliqui
872 2253 1078 2303 humiles,
1103 2254 1173 2311 qui
1198 2270 1295 2297 cum
1313 2256 1454 2298 vident
1480 2256 1686 2306 laborem,

314 2330 355 2364 et
387 2319 577 2362 dolorem
613 2320 910 2368 considerant,
946 2319 1086 2376 potius
1127 2320 1186 2375 (5)
1226 2322 1445 2379 deponunt
1467 2337 1534 2372 se,
1564 2338 1689 2380 quam

317 2387 485 2443 aliquod
503 2387 683 2428 arduum
703 2394 744 2428 et
762 2385 946 2428 notabile
960 2386 1267 2442 aggrediantur.
1291 2386 1398 2429 Sunt
1416 2388 1584 2443 quidam
1605 2387 1688 2440 alii,

317 2454 417 2496 dum
441 2452 631 2493 succedit
650 2451 708 2493 eis
731 2452 763 2493 si
790 2451 972 2508 tetigerit
995 2466 1065 2493 eos
1087 2467 1236 2493 manus
1266 2452 1459 2501 Domini,
1493 2455 1692 2495 exardes-

318 2526 421 2562 cunt
436 2550 447 2566 ,
472 2525 514 2559 et
534 2517 672 2558 statim
692 2526 855 2575 ponunt
881 2517 921 2558 in
941 2517 1093 2558 coelum
1113 2532 1158 2560 os
1181 2533 1319 2560 suum.
1348 2518 1454 2561 Sunt
1476 2526 1517 2560 et
1537 2518 1602 2560 alii
1622 2519 1692 2577 qui

368 2604 630 2647 ¹Matth.xv111‚
652 2605 682 2637 5.
700 2622 744 2628 —
761 2603 844 2639 21d.
864 2615 932 2643 κη,
949 2611 1002 2641 24.
1018 2622 1063 2628 -—
1077 2602 1091 2627 3
1110 2608 1203 2639 Cant.
1220 2617 1252 2647 v,
1277 2617 1387 2638 1o.—
1407 2603 1568 2650 ⁴Luc.1r‚
1589 2608 1643 2642 51.

367 2665 420 2714 (1)
439 2668 518 2703 Cod.
534 2669 671 2711 poteris.
689 2687 733 2694 —
748 2672 792 2711 ζα)
818 2672 914 2702 Deest
930 2681 994 2701 mm
1013 2669 1045 2702 in
1062 2670 1145 2710 cod,
1160 2676 1190 2702 et
1211 2671 1253 2701 sir
1267 2670 1414 2715 deinceps
1443 2690 1480 2695 -—
1504 2670 1549 2714 (32³
1567 2671 1644 2704 (rod.
1663 2679 1695 2703 ee

312 2733 430 2769 pella-52·
