1868 3301
375 301 500 331 meua
541 302 593 330 of:
631 302 836 332 onmem
875 301 1158 342 wanincus,
1197 302 1289 331 are.
1398 287 1489 334 513

127 369 273 411 credas
305 383 377 424 per
401 367 659 424 imperialem
697 368 949 425 potentiam,
983 368 1096 422 quod
1124 368 1182 423 (ι)
1205 369 1339 425 legem
1366 369 1494 426 possit

127 432 386 490 praevaricari
417 432 616 474 divinam.
645 451 659 470 n
698 435 889 488 Cumque
924 430 1101 474 Rufinus
1137 434 1329 488 pluribus
1358 436 1495 476 verbis

127 499 346 546 niteretur,
382 506 428 539 ut
464 499 728 554 promitteret
765 498 1035 539 Ambrosium
1072 512 1163 539 esse
1198 499 1456 543 ssectendum
1484 533 1494 548 ‚

123 563 384 605 Theodosius
406 578 502 604 eum
529 578 702 620 pergere
726 578 822 605 cum
845 562 1112 604 festinatione
1145 566 1360 622 praeccpit.
1404 567 1496 623 Ipse

124 643 247 680 vero,
285 643 358 679 spe
386 629 507 675 data,
538 637 631 684 post
657 629 829 685 paulum
854 637 1025 670 secutus
1063 637 1128 670 est
1162 645 1282 680 eum,
1320 637 1496 678 credens

124 693 471 749 promissionibus
494 693 637 749 ipsius.
667 693 796 734 Porro
821 692 1061 735 mirandum
1083 694 1091 734 1
1127 695 1376 740 Ambrosius
1400 717 1498 744 mox

125 766 171 798 ut
194 758 297 799 vidit
319 756 541 805 Rufinum,
569 757 672 798 dixit
708 772 719 798 z
750 775 766 796 ι
792 758 986 799 Imitatus
1025 773 1066 800 es
1096 759 1407 817 impudentium
1432 768 1492 824 (2)

124 837 278 866 canum
306 824 473 879 vestigia
492 856 501 871 ‚
529 839 553 864 o
579 821 754 870 RuIine‚
786 832 910 864 tantae
949 825 1064 866 necis
1100 834 1248 868 auctor
1285 831 1498 882 existens;

126 890 587 946 pudoremcxistentem
612 889 832 945 detergens
847 922 857 937 ‚
876 904 961 931 non
980 891 1218 942 erubescis,
1244 909 1322 937 nec
1345 899 1500 941 metuis

123 963 270 996 contra
297 955 481 996 divinam
518 954 746 1010 imaginem
778 955 941 995 latrare.
971 973 987 993 ι
1014 957 1207 1012 Cumque
1244 961 1503 1017 supplicaret

125 1017 324 1066 Rufinus,
343 1027 385 1061 et
404 1019 692 1061 Theodosium
718 1019 1019 1076 imperatorem
1049 1021 1209 1064 diceret
1235 1039 1325 1066 esse
1350 1036 1503 1069 ventu-

127 1099 237 1133 rum,
263 1099 446 1142 superno
465 1085 554 1126 zelo
572 1084 820 1126 Ambrosius
834 1086 939 1126 dixit
961 1100 1002 1126 :t
1020 1085 1172 1129 Rufine
1189 1121 1199 1136 ‚
1221 1103 1298 1146 ego
1320 1093 1503 1147 praedico

126 1151 221 1205 quia
245 1149 404 1208 ingredi
425 1148 657 1192 Ecclesiam
681 1149 932 1205 prohibebo,
957 1150 998 1192 Si
1016 1166 1113 1192 vero
1129 1153 1352 1210 imperium
1375 1157 1416 1198 in
1439 1167 1506 1215 ty-

127 1215 314 1256 rannidis
328 1216 507 1258 mutavit
526 1230 669 1257 vocem
686 1216 765 1272 (5),
781 1230 857 1272 ego
867 1216 1049 1258 libenter
1059 1218 1299 1275 suscipiam.
1317 1239 1333 1260 ι
1347 1222 1444 1264 Haec
1463 1234 1505 1266 et

127 1280 202 1322 alia
227 1281 406 1337 plurima
424 1280 601 1324 Rufinus
625 1280 798 1322 audiens
815 1314 824 1329 ,
854 1282 1064 1324 nuntiavit
1086 1283 1335 1340 Imperatori
1361 1295 1502 1331 votum

126 1345 360 1394 Antistius,
402 1361 576 1388 monens
597 1377 609 1396 ‚
649 1361 701 1387 ne
738 1346 846 1388 forte
869 1347 920 1388 de
943 1347 1096 1403 palatio
1123 1350 1389 1404 procederet.
1427 1353 1498 1395 Ait

126 1411 377 1468 Imperator,
415 1411 497 1454 hoc
532 1412 572 1453 in
604 1412 741 1453 media
778 1414 912 1469 platea
948 1426 1206 1469 cognoscens
1230 1416 1463 1475 :uPergam
1488 1452 1498 1467 ,

123 1474 327 1532 justasffi)
351 1486 393 1518 et
415 1477 455 1518 in
479 1476 627 1518 facicm
651 1476 874 1533 suscipiam
900 1478 1194 1520 contumelias.
1211 1497 1225 1518 υ
1241 1479 1432 1539 Cumque
1452 1486 1502 1528 ad

125 1556 242 1583 sacra
260 1542 405 1584 limina
427 1541 700 1598 pervenisset,
725 1541 765 1582 in
783 1550 971 1583 sanctam
991 1543 1160 1598 quidem
1181 1544 1397 1588 basilicam
1416 1564 1500 1591 non

125 1607 390 1664 praesumpsit
410 1606 589 1656 intrare,
616 1607 689 1648 sed
711 1606 905 1657 veniens,
926 1616 968 1648 et
993 1622 1089 1648 eum
1120 1608 1159 1649 in
1178 1611 1422 1655 salutatorio
1439 1614 1501 1655 in-

124 1672 319 1725 veniens,
341 1670 753 1730 supplicavitutejus
776 1672 941 1714 vincula
962 1672 1219 1717 dissolveret.
1241 1676 1295 1718 At
1316 1677 1383 1719 ille
1402 1693 1500 1721 cru-

125 1738 261 1779 delem
274 1737 443 1780 dicebat
459 1736 548 1793 ejus
560 1752 650 1779 esse
671 1738 954 1794 praesentiam,
974 1747 1175 1782 etcontra
1196 1740 1333 1784 Deum
1357 1745 1500 1788 venire

124 1803 436 1852 Theodosium,
459 1802 635 1860 ejusque
654 1802 818 1844 calcare
837 1802 1129 1858 lege8.Ver11m
1152 1804 1288 1861 inquit
1311 1808 1497 1867 Impera-

125 1876 215 1910 tor:
232 1885 249 1907 ι
263 1868 354 1912 Νοη
368 1868 538 1926 insurgo
558 1869 755 1910 adversus
768 1868 1075 1911 ecclesiasticas
1092 1871 1347 1924 sanctiones,
1361 1890 1499 1932 neque

124 1948 309 1990 unquam
333 1934 496 1992 ingredi
516 1932 660 1975 limina
679 1948 796 1975 sacra
814 1935 1041 1976 contendo.
1066 1934 1147 1977 Sed
1173 1946 1211 1979 te
1235 1939 1396 1982 solvere
1413 1941 1500 1983 vin-

125 2000 220 2040 cula
243 2014 336 2041 mea
359 2001 566 2056 deposco;
606 1998 776 2041 Domini
814 1999 1081 2041 clementiam
1120 2016 1195 2058 pro
1225 2018 1294 2045 me
1329 2020 1502 2048 exorare

124 2066 248 2106 stude
267 2097 277 2113 ,
303 2079 381 2107 nec
402 2065 506 2107 mihi
534 2064 684 2120 januas
714 2065 934 2122 praecipias
967 2067 1106 2108 claudi
1129 2099 1139 2114 ‚
1173 2084 1275 2124 quas
1295 2070 1503 2114 Dominus

126 2130 292 2172 cunctis
315 2130 607 2188 poenitentiam
626 2131 846 2187 agentibus
864 2130 1065 2187 aperuit.»
1079 2132 1200 2175 Tunc
1218 2134 1274 2176 ait
1290 2136 1497 2180 Antistes:

138 2213 154 2231 «
178 2194 293 2245 Quas
313 2196 585 2253 poenitentias
621 2196 839 2237 ostendisti
871 2205 965 2252 post
999 2205 1134 2239 tantas
1161 2198 1401 2256 iniquitates
1423 2236 1433 2251 ,
1460 2213 1501 2246 et

125 2259 279 2316 quibus
303 2260 657 2302 medicaminibus
682 2260 930 2303 incurabilia
960 2263 1130 2303 vulnera
1163 2265 1387 2322 plagasque
1426 2283 1503 2310 cu-

126 2324 255 2367 rasti?
277 2344 292 2364 »
324 2326 395 2368 Ait
415 2326 652 2383 Imperator
680 2341 722 2367 :a
740 2326 878 2368 Tuum
911 2341 1014 2383 opus
1034 2337 1156 2369 estet
1175 2328 1328 2373 docere
1350 2341 1391 2373 et
1410 2348 1499 2376 me-

127 2389 335 2433 dicamina
372 2399 632 2448 temperare,
672 2407 815 2433 meum
855 2407 951 2434 vero
974 2401 1037 2434 est
1061 2394 1200 2436 oblata
1223 2397 1452 2453 suscipere.
1475 2420 1490 2438 ι

126 2453 246 2498 Tunc
267 2464 437 2499 sanctus
457 2457 706 2499 Ambrosius
730 2457 834 2499 dixit
855 2473 864 2499 :
884 2458 1123 2510 «Quoniam
1143 2475 1240 2502 cum
1263 2461 1408 2506 furore
1431 2470 1502 2507 tuo

176 2541 227 2589 (ι)
246 2544 326 2575 Cod.
356 2554 400 2581 nc,
428 2552 459 2576 et
487 2544 603 2576 deinde
624 2544 740 2585 possis.
768 2563 814 2569 —-
837 2545 885 2588 (2)
915 2545 963 2578 ld.
984 2546 1248 2588 imprudentium.
1264 2567 1305 2572 -—-
1330 2550 1382 2592 (3)
1403 2551 1439 2582 Id
1458 2558 1503 2583 est

127 2600 156 2631 .ιί
169 2601 337 2642 imperium
354 2602 388 2632 in
402 2602 608 2640 tyrannidem
627 2610 873 2641 commutatum,
891 2602 961 2643 jam
982 2603 1041 2633 lcoc
1057 2615 1173 2635 nomen
1187 2604 1281 2636 debet
1295 2607 1451 2647 accipere.
1462 2626 1499 2632 —·-

126 2654 177 2700 (4)
192 2656 273 2690 Cod.
293 2657 375 2688 male
394 2657 546 2699 injustas.

291 2727 425 2759 cxxx1
451 2711 536 2759 bis.
1286 2717 1344 2762 33
