1868 3301
317 238 461 270 snmuo
496 238 645 280 LXXIV,
685 238 740 270 DE
775 239 811 271 8.
851 237 1030 270 'rnoMAs
1066 238 1305 273 APOSTOLO.
1412 228 1498 293 391

144 303 196 347 tis
224 303 284 361 (ι)
310 304 520 348 certitudo
552 307 872 350 resurrectionis
895 306 1064 350 Domini
1089 307 1234 351 fuisset
1254 308 1295 350 in
1318 324 1364 351 ea
1382 342 1392 360 ‚
1416 312 1506 368 gla-

143 369 257 412 dium
278 370 478 427 passionis
495 371 666 414 minime
684 373 888 416 sustinere
907 373 1125 432 potuisset.
1145 375 1305 417 Mortua
1325 376 1505 433 denique

142 435 274 478 Mater
290 434 405 492 juxta
427 451 598 480 crucem
622 438 790 488 suisset,
820 439 899 482 uisi
922 448 1207 494 resurgentem
1236 443 1506 498 postmodum

140 499 294 543 Filium
316 511 586 559 expectasset.
613 503 724 547 Vidit
744 520 844 562 crgo
865 505 994 548 Maria
1016 505 1162 554 Mater,
1182 507 1350 550 Domini
1367 522 1508 550 resur-

141 567 394 617 rectionem,
410 570 596 627 etprima
615 571 860 629 vidit(=2),et
877 572 1217 629 primatanquam
1231 574 1507 616 certissimam

141 633 334 676 credidit.
361 633 447 677 Sed
472 651 554 678 non
580 637 641 679 sic
669 637 787 680 sortis
818 639 877 693 (5)
908 638 1174 695 Magdalena,
1198 648 1243 680 ut
1267 639 1509 682 aitsanctus

140 697 296 756 Martyr
319 700 580 758 Cyprianus;
607 704 681 745 sed
702 703 884 745 videndo
907 703 1124 746 dubitavit.
1150 704 1250 746 Ideo
1268 704 1344 761 ipsi
1367 706 1429 761 (4)
1448 704 1509 747 di-

141 763 251 806 citur
272 779 314 806 ια
338 765 431 808 Noli
453 782 520 809 me
543 768 753 825 tangere¹.
782 788 796 808 »
811 768 894 811 Sed
915 769 1018 825 quid
1038 769 1158 826 plura
1177 767 1194 809 Ρ
1216 768 1401 811 Thomas
1424 784 1509 812 non

139 830 277 872 solum
307 839 499 889 tangere,
533 833 617 876 imo
647 835 840 891 palpare,
879 850 962 876 non
991 836 1127 877 solum
1159 834 1286 876 etiam
1314 836 1507 891 palpare,

138 897 212 938 sed
249 911 422 940 manum
457 899 498 941 in
533 901 641 942 latus
671 901 762 956 ejus
792 902 958 944 mittere
994 902 1123 944 valuit
1155 901 1231 958 (5),
1258 902 1309 944 ad
1331 916 1513 958 operan-

138 963 239 1005 dum
255 964 556 1023 (6)promptus,
573 967 624 1008 ad
647 967 966 1024 obsequendum
982 968 1219 1026 expeditus,
1235 968 1286 1009 ad
1298 967 1508 1010 confiten-

137 1027 239 1070 dum
261 1028 408 1072 firmus
443 1032 530 1087 (7),
559 1031 656 1088 qnia
686 1034 858 1090 palpans
893 1033 1098 1081 credidit,
1121 1041 1163 1075 et
1184 1034 1397 1075 credendo
1417 1033 1509 1075 cla-

135 1094 265 1137 mavit
294 1110 302 1136 :
340 1114 355 1133 «
390 1096 594 1139 Dominus
632 1113 750 1140 meus
788 1108 829 1141 et
861 1099 972 1141 Deus
999 1097 1166 1140 meus².
1203 1116 1218 1137 »
1243 1097 1347 1150 Quis
1383 1113 1506 1156 ergo,

134 1158 298 1207 fratres,
328 1161 539 1204 dubitabit
564 1162 824 1205 salvatorem
848 1164 1125 1206 resurrexisse
1150 1178 1171 1205 a
1192 1163 1389 1212 mortuis,
1411 1179 1510 1207 cum

133 1226 400 1283 praescntiam
428 1228 576 1270 oculus
600 1229 792 1286 agnovit,
817 1244 968 1271 manus
991 1229 1228 1272 attrectavit
1248 1237 1290 1271 et
1310 1244 1508 1286 perscru-

135 1299 246 1334 tatus
276 1300 339 1335 est
369 1293 520 1350 digitus
542 1293 559 1335 P
586 1295 623 1338 O
647 1295 883 1337 necessaria
907 1295 1104 1344 tarditas,
1126 1311 1203 1352 per
1223 1309 1348 1352 quam
1372 1295 1508 1339 omnis

134 1357 296 1399 tollitur
320 1359 510 1401 dubietas
526 1393 536 1409 ,
556 1360 756 1402 asseritur
779 1362 930 1403 veritas
944 1392 955 1410 ‚
981 1360 1211 1418 imponitur
1230 1361 1351 1402 nobis
1370 1360 1508 1403 omnis

133 1422 233 1465 fidei
259 1423 436 1467 firmitas
456 1426 464 1465 I
490 1425 603 1477 Quid
620 1442 720 1483 ergo
739 1427 917 1476 mirum,
935 1427 1083 1469 sratrcs
1100 1427 1208 1476 mei,
1229 1427 1261 1469 si
1279 1426 1506 1484 Apostolus

133 1487 175 1529 in
199 1489 335 1531 verbis
371 1491 564 1547 cognitus
591 1500 654 1533 cst
684 1491 818 1533 fidelis
838 1525 848 1541 ‚
888 1493 989 1534 dum
1016 1491 1122 1534 vidit
1152 1492 1288 1533 Deum
1321 1491 1427 1534 lucis
1463 1500 1506 1534 et

132 1552 343 1598 invocavit
371 1555 751 1614 Omnipoteutemi’
775 1557 881 1600 Vere
914 1557 1050 1600 fidelis
1084 1557 1210 1599 estin
1240 1557 1506 1600 consessione

133 1620 283 1663 divium
309 1620 504 1669 virtutis;
539 1637 637 1663 vere
671 1622 908 1665 catholicus
943 1623 984 1665 in
1021 1622 1271 1665 credulitate
1299 1624 1382 1679 (8),
1407 1637 1505 1666 vere

130 1686 396 1743 evangelicus
419 1686 461 1727 in
490 1687 788 1744 praedicatione
805 1720 815 1739 ,
846 1703 942 1730 vere
973 1687 1177 1730 mirabilis
1200 1688 1242 1730 in
1267 1696 1505 1731 tormento-

130 1765 225 1793 rum
243 1751 422 1793 elatione
440 1752 561 1794 nobis
578 1761 746 1794 sanctus
764 1752 989 1810 Apostolus
1008 1754 1335 1796 demonstratur.
1353 1754 1500 1812 Igitur,

129 1816 278 1860 fratres
301 1817 585 1866 dilectissimi,
616 1819 880 1861 celebremus
902 1827 944 1860 ct
964 1819 1187 1862 laudemus
1210 1818 1325 1862 hunc
1348 1820 1504 1878 glorio-

129 1898 223 1925 sum
243 1883 491 1940 Apostolum
506 1917 516 1934 ,
537 1885 756 1942 copiosum
779 1886 820 1927 in
844 1886 1021 1934 meritis,
1039 1885 1274 1928 virtuosum
1290 1886 1332 1928 in
1354 1887 1498 1944 signis,

128 1948 336 1991 famosum
357 1949 398 1991 in
423 1950 644 2007 prodigiis,
670 1950 900 2008 gloriosum
924 1951 964 1992 in
987 1951 1184 2008 praemiis.

187 2015 240 2057 ΙΙ.
276 2015 362 2058 Sed
390 2018 442 2058 ad
466 2026 656 2059 nostram
685 2017 945 2066 doctrinam,
972 2017 1148 2067 fratres,
1177 2017 1335 2074 aliquid
1358 2017 1502 2061 dicere

129 2095 202 2124 vos
223 2080 367 2123 avidos
389 2097 478 2124 esse
500 2081 664 2126 affecto.
685 2082 820 2125 «Sunt
842 2082 954 2125 cuim
980 2083 1108 2140 aliqui
1125 2098 1175 2125 cx
1189 2082 1306 2125 vobis
1329 2082 1400 2140 qui
1421 2082 1499 2125 nisi

129 2147 326 2190 »videant
340 2147 455 2205 signa
474 2156 516 2191 et
532 2149 737 2206 prodigia,
753 2164 840 2191 non
859 2149 1082 2192 credunt³.
1099 2167 1113 2188 »
1127 2149 1247 2192 Tales
1274 2165 1297 2191 a
1317 2149 1499 2192 Domino

128 2213 415 2272 corripiuntur
437 2229 537 2258 cum
557 2215 717 2274 Regulo
733 2248 744 2266 ,
770 2216 839 2259 cui
865 2215 946 2259 hoc
971 2224 1034 2259 est
1066 2216 1250 2264 dictum3
1277 2216 1364 2273 ipse
1385 2216 1498 2260 enim

174 2325 297 2361 ¹Joan.
311 2337 368 2370 xx,
392 2338 442 2368 17.
459 2345 505 2352 —
520 2325 536 2349 ²
552 2326 634 2361 Ibid.
652 2330 706 2360 28.
720 2347 761 2353 -
777 2325 921 2369 31d.1v,
940 2329 994 2366 48.

175 2415 226 2464 (1)
250 2417 329 2451 Cod.
345 2417 508 2461 fortitudo
526 2417 696 2453 certitudo.
722 2436 768 2443 —
793 2416 842 2464 (2)
860 2422 931 2452 Hoc
947 2419 1141 2452 contrarium
1168 2419 1293 2452 videtur
1309 2421 1500 2465 Evangelio,

125 2473 182 2507 ubi
199 2473 316 2506 dicitur
333 2474 494 2508 Christum
513 2474 617 2518 primo
633 2475 818 2518 apparuisse
837 2476 951 2508 Mariae
968 2475 1172 2518 Magdatene.
1187 2493 1234 2500 —-
1249 2475 1299 2520 (3)
1313 2476 1497 2519 Cod.sort0.

127 2548 168 2559 -.-
187 2527 240 2574 (4)
252 2529 304 2562 Id.
325 2529 396 2562 sibi.
413 2548 458 2555 -
474 2529 522 2574 (5)
539 2533 636 2562 Deest
652 2531 764 2562 valuit
778 2530 812 2563 in
829 2530 917 2570 cod„
934 2531 989 2563 ubi
1018 2542 1076 2576 pro
1092 2531 1151 2564 hac
1165 2542 1242 2564 voce
1260 2538 1304 2564 est
1329 2533 1438 2576 igitur.
1451 2553 1497 2561 —

126 2581 175 2628 (6)
189 2582 271 2616 Cod.
290 2583 562 2626 operiendum.—
574 2580 626 2627 (7)
643 2586 737 2617 Deest
749 2583 865 2627 firmus
881 2583 914 2618 in
932 2584 1006 2620 cod.
1019 2602 1064 2610 —
1084 2584 1133 2629 (8)
1151 2584 1232 2620 Cod.
1247 2587 1498 2628 praedicatione.
