1885 3284
331 277 391 324 30
741 288 780 315 s.
819 286 1066 317 Aneusrmi
1099 287 1308 319 EPiscom

330 369 440 404 tum.
460 354 551 401 Nec
570 352 788 399 immerito
808 353 963 411 Legem
990 370 1038 397 ac
1061 352 1308 415 Prophetas
1329 369 1464 418 usque
1495 353 1550 399 ad
1575 354 1710 401 Joan-

329 445 428 475 nem
448 426 693 489 Baptistam
722 422 960 482 legimus¹3
997 423 1101 487 quia
1132 423 1178 468 in
1207 440 1257 469 eo
1284 424 1436 488 utique
1461 426 1547 471 Lex
1579 425 1711 472 Vetus

329 499 455 547 desiit
473 535 483 552 ‚
523 507 651 560 atque
671 493 930 558 praedicatio
949 495 1144 558 primum
1164 495 1333 541 novella
1354 497 1550 543 surrexit.
1577 497 1708 553 Quod

328 571 363 618 si
381 569 511 618 vultis
532 566 703 631 plenius
720 564 958 625 intelligere
973 603 983 622 ‚
1009 565 1153 611 videte
1172 566 1496 627 Evangelistam
1515 568 1592 631 qui
1615 567 1706 614 lec-

327 653 398 689 tus
424 651 513 695 est,
557 636 829 702 principium
855 653 989 681 sacrae
1025 636 1268 698 Scripturae
1303 637 1540 683 beatissimi
1571 640 1708 685 sancti

326 711 508 760 Joannis
539 708 857 773 praedicatione
888 717 1147 753 sumentem.
1173 706 1327 754 Videte
1362 725 1495 772 quam
1519 726 1711 770 congrue

327 801 464 849 usque
495 780 549 827 ad
581 780 605 825 J
611 796 796 825 oannem
817 780 902 823 Lex
925 796 1013 824 esse
1034 789 1312 827 memoretur.
1338 781 1475 825 Recte
1499 780 1597 825 finis
1623 798 1710 826 esse

324 855 488 904 Veteris
518 851 643 912 Legis
671 850 850 901 dicitur,
883 850 986 912 quia
1008 848 1234 896 exordium
1262 861 1324 896 est
1350 851 1594 911 Evangelii.
1619 852 1708 897 Nec

325 928 467 975 solum
488 926 589 971 hoc.
628 921 747 979 Quid
774 921 887 966 enim
919 920 1188 981 iivangelista
1216 922 1445 982 subjungit
1483 941 1493 968 ε
1531 944 1551 965 <‹
1575 923 1706 980 Fuit,

327 1022 346 1044 »
363 998 531 1063 inquit,
567 995 756 1039 Joannes
780 993 823 1036 in
853 992 1021 1038 deserto
1055 992 1285 1055 baptizans
1312 1005 1354 1039 et
1372 993 1663 1057 proedicans2.
1689 1017 1708 1037 »

392 1072 475 1115 Ill.
519 1067 620 1113 Hoc
645 1062 766 1127 quod
801 1063 843 1108 in
870 1063 1038 1108 deserto
1073 1075 1248 1109 sanctus
1277 1065 1468 1110 Joannes
1501 1065 1710 1111 scribitur

326 1141 606 1208 praedicasse.
624 1136 897 1181 notissimum
921 1146 998 1185 est,
1017 1135 1303 1182 dilectissimi.
1331 1138 1382 1181 ln
1402 1136 1571 1182 deserto
1594 1138 1706 1183 enim

328 1216 435 1270 hoc,
455 1223 496 1259 et
511 1212 556 1255 in
573 1206 1161 1269 occulto,Gentilispopulus
1179 1207 1449 1267 designatur,
1466 1208 1542 1271 qui
1559 1210 1709 1273 utique

325 1285 475 1332 adhuc
506 1292 611 1326 tunc
634 1277 851 1322 solitarius
875 1287 916 1321 ct
947 1277 1036 1321 sine
1059 1278 1148 1322 Deo
1175 1294 1320 1323 errans
1338 1315 1348 1327 ,
1375 1278 1510 1324 ferino
1535 1280 1708 1342 penitus

326 1374 374 1403 ac
398 1353 594 1401 belluino
621 1366 738 1395 more
760 1348 948 1393 vivebat.
981 1348 1169 1393 Joannes
1197 1365 1296 1408 ergo
1316 1349 1468 1395 missus
1501 1350 1554 1395 ad
1589 1368 1708 1414 prae-

324 1425 563 1474 dicandum
601 1421 794 1466 Verbum
828 1419 902 1464 Dei
925 1457 934 1470 ,
964 1430 1005 1464 et
1031 1419 1084 1465 ad
1117 1420 1468 1468 annuntiandum
1504 1423 1709 1469 omnibus

323 1499 455 1546 fidem
478 1492 643 1540 Christi
662 1529 671 1542 ,
705 1490 803 1536 ideo
839 1489 1036 1536 civitates
1065 1491 1323 1537 Judaeorum
1352 1492 1585 1557 1·eliquerat
1604 1531 1614 1549 ‚
1640 1512 1707 1539 se-

321 1569 517 1617 cundum
552 1563 661 1610 illud
693 1581 703 1607 z
730 1585 747 1603 x<
765 1564 959 1607 Laetetur
989 1563 1206 1608 desertum
1230 1575 1272 1609 et
1293 1563 1447 1609 floreat
1467 1602 1476 1620 ‚
1515 1566 1628 1611 sicut
1658 1565 1707 1611 li-

321 1666 336 1683 »
354 1642 463 1687 lium
479 1639 506 1683 3*
537 1658 556 1678 ›>
587 1637 637 1681 ln
660 1634 825 1678 deserto
850 1650 975 1693 ergO.
999 1646 1046 1680 ut
1064 1634 1251 1680 diximus
1270 1673 1279 1690 ᾗ
1304 1635 1572 1682 dilectissimi
1593 1675 1602 1693 ‚
1623 1655 1706 1700 po-

321 1713 454 1777 pulus
471 1707 681 1761 Genfflis,
703 1705 748 1749 in
771 1704 870 1748 liliis
884 1706 1022 1751 sancti
1039 1706 1214 1769 quidem
1231 1707 1428 1752 homines
1450 1725 1498 1752 ac
1520 1707 1688 1756 dilectis

321 1783 419 1830 simi
439 1779 734 1839 designantur.
778 1776 828 1819 {it
855 1774 949 1820 ideo
966 1813 976 1825 ,
1010 1776 1179 1839 inquit‚
1206 1778 1440 1823 «Laetetur
1460 1779 1701 1837 desertum,

322 1865 403 1900 „et
421 1853 600 1904 floreat,
623 1847 736 1893 sicut
762 1845 950 1891 lilium.»
983 1848 1098 1891 Bene
1136 1847 1225 1892 lilio
1258 1849 1441 1894 §anctos
1476 1850 1706 1914 Scriptura

320 1931 575 1987 comparat3
610 1918 823 1965 habentes
859 1915 1010 1980 utique
1053 1917 1235 1964 nitorem
1277 1929 1319 1964 et
1352 1920 1608 1967 suavitatem
1652 1940 1702 1968 ex

319 1994 541 2043 mansione
565 1990 647 2054 (l).
686 1987 839 2034 Sancti
858 1987 972 2033 enim
997 1988 1123 2051 quasi
1141 1987 1231 2035 lilia
1254 2000 1354 2035 sunt
1374 2027 1384 2046 ‚
1410 1990 1699 2050 dilectissimi,

317 2079 361 2115 et
384 2064 530 2113 odoris
561 2060 694 2110 boni.
736 2070 777 2104 et
809 2059 1010 2105 candoris
1038 2059 1209 2116 eximii3
1247 2061 1482 2108 candorem
1523 2064 1702 2127 quidem

318 2139 528 2185 habentes
554 2151 602 2179 ex
623 2130 811 2196 puritate
834 2167 844 2185 ‚
873 2129 1050 2176 odorem
1076 2148 1128 2176 ex
1152 2132 1385 2185 suavitate‚
1415 2133 1528 2180 sicut
1563 2135 1702 2198 Apos—

316 2210 430 2257 tolus
455 2208 537 2265 ait,
563 2205 667 2270 quia
693 2224 712 2244 α
733 2202 898 2248 Christi
922 2204 1064 2249 bonus
1087 2202 1197 2249 odor
1218 2220 1365 2250 sumus
1385 2204 1519 2253 Deolu
1539 2227 1560 2248 >³
1592 2207 1701 2253 Haec

315 2298 420 2345 ergo
435 2280 526 2326 lilia
544 2278 590 2323 in
607 2276 776 2322 deserto
792 2311 802 2330 ‚
823 2273 869 2319 id
885 2285 976 2331 est,
999 2274 1043 2320 in
1069 2274 1262 2321 Ecclesia
1283 2312 1292 2331 ‚
1322 2276 1558 2340 Prophetis
1572 2288 1700 2342 atque

319 2349 539 2418 Apostolis
559 2345 849 2394 inserentibus
862 2356 979 2403 nata,
997 2357 1149 2392 mutuo
1164 2346 1302 2392 sibiin
1313 2365 1422 2411 pace
1435 2358 1475 2394 et
1489 2347 1701 2395 charitate

362 2488 463 2519 ¹Lue.
483 2495 548 2521 xvx,
574 2484 679 2514 16.-—
700 2480 714 2501 '2
732 2483 831 2511 Marc.
855 2491 884 2513 1,
903 2487 934 2515 s..
951 2498 996 2503 —
1014 2478 1026 2502 3
1044 2481 1114 2512 lsai.
1132 2491 1233 2522 xxxv,
1253 2493 1281 2512 ι.
1295 2500 1340 2504 -
1353 2478 1366 2502 ⁴
1385 2492 1400 2512 2
1417 2482 1492 2514 Cor.
1514 2493 1553 2519 n,
1574 2483 1628 2515 15.

360 2596 363 2604 κ
379 2570 408 2608 ι)
426 2568 477 2598 Sic
496 2564 567 2596 cod.
588 2566 684 2595 Forte
710 2561 876 2603 legendum
892 2573 932 2590 m·
958 2562 1136 2603 relegione,
1160 2561 1220 2593 nisi
1240 2573 1296 2604 pei·
1317 2562 1518 2593 mansionem
1537 2563 1694 2605 intelligas

310 2624 551 2665 fortitudinem,
567 2618 676 2661 quain
692 2617 751 2648 Dei
766 2617 945 2647 manserint
960 2617 1095 2650 servitio.
