1885 3284
295 347 440 378 SERMO
477 345 569 385 th,
608 346 664 375 DE
701 346 1052 376 PL'RlFICA'l'lONE
1088 348 1308 379 VIRGINIS.
1399 331 1490 392 3⁸29

116 414 281 471 quaerit.
309 414 362 456 Et
383 413 413 454 si
439 413 519 454 hoc
541 412 642 453 mihi
658 426 740 453 non
760 413 945 461 creditis,
965 413 1096 455 libros
1114 423 1261 456 vestrm
1274 412 1490 455 conscicn-

118 481 183 522 tiae
211 479 349 536 legite.
397 478 567 521 Nullum
601 492 700 534 crgo
738 486 822 519 tam
863 479 1126 521 mortiferum
1170 481 1338 526 dolum,
1382 478 1493 519 sient

117 545 288 593 odium3
321 552 364 586 et
398 544 469 599 qui
493 544 635 585 odium
664 544 815 598 frangit
840 543 879 585 in
911 559 954 585 se
976 545 1042 585 vel
1065 544 1105 586 in
1129 545 1226 593 alio,
1263 559 1360 585 vere
1384 542 1494 585 filius

116 610 191 653 Dei
214 619 298 659 est3
323 618 364 652 ct
386 610 456 666 qui
476 609 620 651 odium
639 609 746 650 inter
767 609 914 651 fratres
941 609 1120 652 seminat
1141 643 1150 658 ,
1178 626 1274 652 vere
1301 610 1492 651 diabolus

115 683 202 725 est,
228 691 324 717 vere
341 675 451 717 silius
472 675 743 732 perditionis,
770 690 865 716 vere
890 685 1007 732 petra
1029 675 1215 717 scandali
1238 684 1280 717 et
1303 675 1407 732 lapis
1428 690 1492 716 re-

112 741 316 799 probatus
334 749 374 783 et
401 740 561 797 ejectus
586 741 626 782 in
650 741 906 798 profundum
928 741 1068 783 maris.
1087 741 1172 793 Qui
1193 741 1318 782 etiam
1343 754 1492 798 pacem

115 808 320 862 impedit,
341 806 628 848 Antichristus
647 815 729 854 est,
758 806 854 862 quia
885 807 1047 847 nullum
1076 806 1223 848 vitium
1260 814 1304 847 ut
1347 805 1491 847 odium

116 872 328 928 reperitur
361 871 403 912 in
440 879 563 912 terra,
604 871 719 922 Quid
752 871 863 912 enim
894 872 1002 912 valet
1024 886 1150 913 omne
1185 871 1345 912 bonum
1380 871 1494 926 quod

116 939 270 995 agitur,
306 937 404 978 odio
427 936 679 978 suffocatum
711 935 799 993 (i)?
827 937 1039 994 Numquid
1062 935 1358 994 eleemosyna?
1376 951 1497 977 num-

115 1003 214 1060 quid
239 1001 528 1044 abstinentia?
561 1002 768 1057 numquid
797 1011 950 1044 cimcta
984 1017 1111 1059 opera
1148 1001 1450 1044 misericordia}
1475 1000 1493 1043 i>

115 1068 320 1125 numquid
343 1067 594 1125 martyrium
614 1067 631 1109 P
661 1067 731 1109 «Si
753 1068 968 1109 tradidero
990 1083 1144 1125 corpus
1166 1082 1306 1109 meum
1323 1100 1335 1116 ,
1360 1066 1495 1123 inquit

115 1135 396 1191 »Apostolus‚
423 1134 536 1175 itaut
559 1134 745 1181 ardeam,
761 1133 1009 1175 charitatem
1034 1143 1173 1176 autem
1189 1148 1275 1176 non
1298 1133 1494 1181 habeam,

115 1200 250 1242 »nihil
276 1199 412 1242 sum'.
429 1198 544 1242 »Nec
568 1198 726 1240 oblatio
749 1213 826 1240 nec
849 1208 1124 1256 peccatorum
1142 1198 1332 1241 remissio
1344 1199 1492 1248 datur,

115 1264 192 1307 nisi
220 1265 336 1321 prius
358 1264 503 1305 odium
529 1278 550 1305 a
572 1265 701 1305 corde
724 1265 970 1321 repellatur.

174 1327 265 1372 Vll.
304 1329 419 1380 Quid
439 1328 551 1370 enim
573 1328 771 1371 columba
789 1329 966 1386 amplius
980 1329 1138 1372 hahet?
1157 1329 1368 1371 cadavera
1385 1328 1499 1371 enim

117 1410 202 1439 non
221 1395 430 1443 comedit,
475 1395 541 1436 vel
577 1409 753 1436 vermes.
796 1394 910 1446 Quid
933 1395 1044 1436 enim
1075 1409 1150 1453 per
1186 1410 1351 1436 vermes
1371 1427 1381 1443 ‚
1420 1393 1499 1436 nisi

116 1476 243 1520 prava
262 1461 519 1503 conscientia
532 1461 791 1517 designatur,
807 1475 898 1517 quae
917 1461 1100 1503 animam
1122 1460 1262 1503 rodit?
1283 1461 1499 1503 Cadavera

117 1528 229 1569 enim
251 1535 426 1585 peccata
450 1536 574 1575 sunt,
614 1541 707 1583 quae
732 1527 958 1568 comedere
979 1542 1065 1568 non
1089 1527 1309 1574 debemus,
1333 1541 1387 1569 ne
1410 1525 1501 1568 ani-

117 1608 230 1635 mam
247 1591 697 1634 occidamus.Vi1anda
724 1592 834 1634 enim
852 1601 950 1634 sunt
974 1593 1149 1634 omniuo
1170 1599 1345 1650 peccata
1366 1624 1377 1641 ,
1404 1591 1500 1648 quia

118 1658 248 1700 homo
270 1666 332 1700 tot
355 1657 552 1700 vitiorum
570 1657 752 1700 efficitur
783 1673 926 1700 servus
946 1691 957 1707 ‚
987 1666 1091 1714 quot
1119 1658 1318 1700 vitiorum
1342 1672 1503 1715 posses-

119 1739 188 1766 sor
209 1724 406 1765 efficitur.

182 1789 291 1831 Vllt.
330 1789 444 1840 Quid
465 1789 575 1830 enim
603 1790 783 1846 amplius
808 1789 1005 1831 columba
1033 1789 1138 1846 agit,
1164 1789 1242 1831 nisi
1265 1789 1381 1846 quod
1407 1804 1502 1831 me-

124 1855 226 1898 liora
248 1869 374 1911 grana
399 1854 572 1911 suscipit
589 1855 631 1896 in
650 1854 775 1912 agro?
809 1854 876 1897 Sic
903 1854 1106 1912 pascitur,
1133 1855 1193 1897 sic
1216 1855 1502 1912 impinguatur

121 1929 162 1962 et
183 1919 399 1968 relicitur3
424 1921 483 1962 sic
508 1928 548 1962 et
567 1935 644 1962 nos
667 1922 803 1963 facere
827 1921 1056 1968 debemus,
1077 1921 1269 1977 quianon
1291 1921 1379 1962 solo
1394 1935 1503 1978 pane

122 1985 361 2043 corporali,
401 1987 474 2027 sed
497 1994 538 2027 et
561 1987 690 2028 verbo
714 1986 789 2028 Dei
813 2001 889 2027 nos
923 1986 1034 2041 ipsos
1068 1981 1246 2043 pascere*
1279 1985 1497 2029 debemus.

122 2051 243 2094 Sicut
266 2051 306 2093 in
331 2051 502 2093 homine
524 2052 616 2092 duae
648 2059 745 2093 sunt
775 2052 1042 2100 substantiae,
1069 2067 1223 2109 corpus
1247 2051 1442 2093 videlicet
1461 2061 1504 2094 et

121 2117 286 2165 aninum
311 2117 370 2159 sic
391 2119 476 2159 duo
511 2125 607 2159 sunt
631 2118 714 2160 cibi
747 2118 1003 2167 necessarii,
1046 2117 1209 2160 scilieet
1243 2118 1502 2175 corporalis,

119 2192 167 2225 ut
186 2198 342 2239 corpus
378 2190 593 2239 pascatur,
628 2191 669 2224 et
697 2184 924 2240 spiritualis
945 2216 957 2232 ,
982 2192 1027 2224 ut
1051 2183 1186 2224 anima
1212 2182 1354 2224 divino
1375 2183 1507 2224 verbo

120 2247 347 2290 reficiatur.
374 2248 455 2289 Pro
472 2253 557 2290 tota
580 2247 692 2290 enim
714 2250 796 2291 vitu
816 2259 956 2291 nostra
981 2248 1096 2290 omni
1117 2248 1183 2290 die
1204 2248 1378 2304 petitur,
1405 2250 1507 2291 dum

122 2314 278 2355 dicitur
302 2329 344 2355 :-
362 2312 518 2356 Panem
543 2323 738 2356 nostrum
760 2315 1055 2371 quotidianum
1076 2316 1125 2356 da
1150 2314 1270 2356 nohis
1294 2314 1420 2356 hodie
1440 2313 1498 2363 ²‚n

122 2379 231 2421 sicut
258 2373 299 2420 et
319 2394 466 2436 pacem
486 2380 528 2420 in
557 2380 704 2421 diebus
726 2381 878 2423 nostris
910 2396 987 2438 pro
1012 2389 1098 2422 toto
1130 2381 1285 2422 saeculo
1324 2380 1501 2422 vivente.

122 2445 291 2487 Meliora
318 2445 444 2502 igitur
465 2460 592 2502 grana
616 2446 814 2504 colligere
832 2447 1038 2488 dehemus
1059 2446 1394 2494 etmanducarc,
1412 2445 1509 2502 quia

100 2563 104 2567 ,
122 2511 338 2568 spirituale
362 2510 564 2568 pabulum
585 2527 752 2569 semper
770 2513 1011 2570 praecedere
1030 2511 1170 2554 dehet.

172 2623 182 2644 ¹
207 2636 217 2654 1
240 2624 316 2657 Cor.
341 2634 418 2663 xm,
436 2623 556 2656 3.--‘-‘
577 2627 651 2659 Luc.
669 2636 714 2666 xi,
734 2628 764 2660 3ἤ

170 2709 180 2728 ·’
188 2718 200 2737 ι
209 2710 218 2725 x
237 2707 317 2739 Cod.
336 2708 508 2750 suffocato.
