1885 3284
288 267 346 313 70
709 268 744 296 S.
789 267 1036 296 AUGusTIM
1070 267 1274 297 EPISCOPI

286 348 385 376 cuni
405 332 593 376 ferarum
615 333 701 377 ritu
720 332 957 377 fraternum
980 333 1250 378 connubium
1279 333 1432 378 ardore
1463 333 1658 378 libidinis

289 412 553 447 temerasset.
579 412 683 446 tunc
710 402 916 464 temporis
941 402 1154 447 veridicus
1180 414 1354 448 sanctus
1372 408 1656 449 Joannesnon

287 472 370 516 'noc
403 472 531 517 licere
566 473 651 530 regi
678 472 811 517 libere
843 474 1155 534 pronuntiavit.
1199 474 1330 530 Quod
1365 492 1435 519 rex
1468 474 1558 534 lege
1583 490 1659 519 sua

289 542 545 604 prohiberet
565 579 574 591 ,
610 541 840 587 admonuit
860 559 956 587 eum
980 560 1031 587 ne
1055 542 1215 589 faceret
1240 555 1393 589 contra
1417 544 1553 603 legem
1577 581 1587 600 ‚
1618 555 1665 589 ut

285 628 359 656 sua
383 613 474 675 ipse
492 616 593 671 jura
613 612 818 669 calcaret,
843 631 895 659 ne
918 614 1062 676 ipsum
1084 614 1354 677 potiusleges
1366 618 1522 674 etjura
1537 614 1661 660 dam-

287 693 456 737 narent,
472 683 506 727 si
520 682 630 742 leges
648 684 1080 747 ipse(1)veldecreta
1104 701 1179 730 sua
1201 685 1440 733 damnaret.
1464 685 1545 730 lllo
1562 702 1661 745 ergo

287 763 481 815 tempore
497 790 506 808 ‚
532 771 585 799 ne
604 755 739 800 sancti
759 755 940 800 Joannis
959 755 1143 818 publica
1163 793 1174 809 ,
1203 773 1253 801 ac
1279 755 1415 802 libera
1439 793 1450 812 ,
1474 774 1522 801 ac
1540 760 1657 816 justa

284 822 577 869 contradictio
596 835 727 870 staret
752 863 761 879 ‚
786 826 1222 888 correptusjussione
1256 827 1433 872 nefandi
1452 827 1560 887 regis
1576 865 1587 883 ,
1615 828 1658 872 in

282 909 502 939 carcerem
518 894 758 940 obscurum
779 895 1048 953 detruditur,
1073 897 1150 942 ubi
1166 897 1254 942 sola
1274 897 1398 943 illuni
1423 898 1486 943 lex
1508 897 1656 943 divina

283 975 483 1011 servaret.
504 965 688 1011 Accedit
699 966 825 1011 etiam
843 966 962 1029 quod
974 978 1063 1012 erat
1079 968 1161 1031 ipsi
1178 968 1246 1030 (2)
1266 969 1474 1028 sacrilego
1487 969 1661 1028 regina-

286 1034 446 1080 talitius
466 1035 574 1090 dies,
588 1046 630 1081 et
648 1037 907 1083 accersendo
926 1054 1129 1100 proceres
1147 1049 1185 1083 et
1208 1049 1422 1101 potentes,
1440 1039 1659 1099 sacrilegae

287 1106 438 1151 mentis
460 1107 586 1152 sociis
606 1106 842 1153 nefandum
867 1109 1121 1155 convivium
1147 1110 1378 1172 apparavit
1407 1110 1494 1173 (3),
1528 1120 1570 1154 et
1609 1109 1658 1154 fit

282 1176 423 1222 circus
444 1177 600 1223 domus
624 1179 754 1237 regis,
777 1190 821 1224 ut
846 1179 907 1224 ita
932 1179 1128 1226 dixerim.

346 1248 428 1292 Ill.
473 1247 582 1293 Filia
607 1248 717 1308 regis
735 1249 992 1308 ingreditur,
1014 1267 1116 1312 quae
1141 1251 1383 1310 virgineum
1405 1249 1619 1313 pudorem
1645 1288 1654 1299 ,

286 1318 482 1363 membra
502 1317 608 1364 dum
630 1319 875 1378 frangeret,
900 1320 1040 1366 solvit.
1073 1325 1196 1366 Jurat
1225 1322 1424 1384 protinus
1438 1331 1560 1384 pater
1580 1338 1658 1384 per

281 1389 401 1434 ebria
422 1388 794 1436 discumbentium
819 1392 968 1453 capita
989 1428 998 1446 ,
1024 1409 1239 1455 suumque
1258 1392 1462 1456 clypeum
1485 1406 1656 1455 protes—

281 1469 412 1515 tatur,
436 1471 484 1506 ut
507 1461 618 1506 inter
636 1461 829 1507 ludicras
847 1462 1091 1508 saltationes
1115 1473 1157 1508 et
1176 1464 1307 1509 flexus
1330 1463 1547 1526 quidquid
1569 1463 1657 1509 filia

281 1530 570 1592 postulasset,
600 1531 831 1594 acciperet.
862 1534 916 1578 At
934 1550 1059 1588 ecce,
1085 1551 1184 1579 cum
1206 1534 1249 1579 in
1271 1534 1451 1597 pulvere
1481 1533 1656 1579 adulte-

278 1600 374 1644 rino
399 1600 511 1645 inter
534 1599 694 1646 infulas
728 1601 876 1646 molles
911 1607 1051 1661 gestuS
1095 1603 1330 1649 solutiones
1365 1604 1651 1666 exprimeret,

277 1670 460 1716 solvitur
478 1687 499 1716 e
517 1672 661 1734 capite
682 1673 951 1735 compositus
968 1674 1123 1729 crinis;
1142 1674 1290 1729 credo,
1314 1685 1361 1719 ut
1379 1674 1574 1737 disperso
1589 1674 1654 1720 vel

276 1752 443 1787 errante
464 1759 541 1804 per
564 1759 691 1801 genas
709 1742 777 1804 (4)
795 1743 976 1806 capillo,
995 1743 1142 1803 lugere
1163 1745 1284 1804 prius
1301 1744 1502 1798 disceret,
1523 1761 1652 1807 quani

279 1811 431 1858 ridere.
462 1814 511 1856 ln
533 1812 615 1857 isto
643 1830 743 1872 ergo
767 1825 967 1873 suggestu
992 1815 1221 1861 saltatricis
1242 1826 1389 1860 cantat
1411 1832 1622 1875 organum
1640 1853 1650 1862 .

276 1882 419 1928 fistula
439 1883 608 1938 sibilat;
634 1894 756 1928 sonat
789 1885 895 1930 tibia
913 1902 1013 1931 cum
1037 1886 1173 1948 patris
1194 1887 1385 1941 nomine,
1415 1887 1548 1948 patris
1566 1887 1652 1931 im—

274 1953 381 1997 buta
398 1952 628 2006 dedecore;
655 1955 807 1999 teneris
831 1965 974 2000 tamen
997 1956 1189 2001 vestibus
1217 1956 1354 2008 nuda,
1382 1973 1481 2020 quie
1495 1973 1538 2001 se
1557 1956 1652 2002 dae-

274 2023 472 2069 moniaca
495 2034 636 2070 mente
660 2026 890 2081 vestierat,
927 2038 975 2072 ut
997 2026 1143 2071 colore
1166 2027 1294 2072 vestis
1322 2028 1458 2087 magis
1490 2043 1652 2090 corpus

274 2094 485 2156 pingeret,
504 2111 592 2157 quo
607 2093 802 2142 ludebat.
830 2097 959 2142 Nunc
981 2107 1207 2142 arcuatum
1233 2096 1344 2142 latus
1358 2098 1647 2161 spectantium

273 2165 476 2210 flectebat
500 2166 545 2211 in
565 2166 714 2211 oculos
734 2204 744 2222 ,
769 2184 885 2212 nunc
913 2179 1080 2230 pectus,
1109 2167 1308 2232 amplexu
1335 2168 1545 2213 defectior
1561 2168 1650 2230 (5).

265 2236 465 2294 jactabat
489 2236 533 2281 in
551 2236 682 2292 virm,
712 2248 752 2282 et
772 2255 850 2300 per
875 2256 1076 2284 nauseam
1102 2242 1321 2302 resupinae
1348 2238 1528 2284 cervicis
1553 2237 1650 2283 col—

268 2306 360 2352 lum
375 2307 760 2355 discumbentibus
778 2310 1231 2373 praeniittebat3nunc
1249 2310 1385 2374 seipsa
1397 2310 1647 2373 respiciens,

314 2438 365 2484 (ι)
385 2441 464 2473 Cod.
487 2453 666 2484 perperam.
687 2443 822 2484 1'psis.—
840 2444 888 2488 (2)
903 2445 950 2479 Id.
972 2457 1139 2489 perperam
1154 2446 1287 2488 1'psis.—
1305 2446 1353 2489 (3)
1369 2445 1416 2479 ld.
1433 2445 1648 2486 apparuit.—

271 2504 319 2536 Κ,[4]
337 2496 385 2526 ld.
402 2507 521 2538 genus.
534 2514 578 2520 —
596 2496 644 2540 (5)
667 2497 793 2530 Phrasis
814 2500 869 2530 ista
889 2499 1028 2531 difficilis
1053 2507 1082 2531 et
1109 2501 1240 2532 forsitan
1256 2501 1417 2533 mendosa.
1432 2503 1563 2531 Sensum
1583 2512 1647 2532 esse

265 2551 455 2583 crediderim
471 2564 478 2582 ε
501 2553 668 2593 Amplexu
687 2555 719 2585 ιή
734 2555 945 2592 defectionem
962 2558 1094 2588 cadens.
1113 2557 1145 2587 Si
1161 2558 1231 2599 quis
1249 2558 1410 2589 meliorem
1430 2557 1571 2589 inveniat
1584 2557 1647 2598 sig-

264 2606 482 2638 nificationem
498 2635 505 2647 ,
521 2607 604 2640 hauc
622 2609 762 2641 libenter
777 2612 1017 2654 amplectentur.
