1868 3301
322 252 411 308 482
579 270 613 297 s.
660 267 904 299 Aueus'rlm
942 266 1144 299 muscom
1185 263 1420 295 APPENDlx.

324 352 338 372 n
352 333 602 375 exaltabitur
616 333 645 375 ³.
681 353 693 372 υ
723 333 781 375 Ex
801 334 880 376 isto
901 334 1013 376 enim
1030 333 1160 374 verbo
1183 331 1342 372 discere
1360 329 1562 371 debemus
1579 327 1691 383 quod

325 393 519 456 superbia
557 399 766 441 contraria
802 400 854 441 sit
890 397 1138 441 llumilitati.
1169 396 1277 452 Ergo
1311 395 1343 436 si
1383 409 1478 436 vere
1512 391 1692 434 humiles

322 479 410 505 esse
442 464 631 505 volumus
650 497 658 513 ,
679 465 919 522 snperbiam
943 464 1168 519 fugiamus,
1193 461 1290 517 quia
1313 459 1504 516 snperbia
1531 456 1692 511 dejicit,

323 529 396 570 sed
431 527 654 570 llumilitas
690 531 891 572 sublevat.
930 529 992 571 De
1035 529 1112 570 hac
1149 527 1275 568 etiam
1309 526 1461 567 virtute
1498 523 1694 581 princeps

322 594 617 651 Apostolorum
632 595 881 641 invitatnos„
903 595 1046 636 dicens
1068 609 1075 634 :
1095 612 1111 630 α
1132 590 1419 634 Humiliamini
1438 590 1513 631 sub
1535 586 1696 646 potenti

318 678 334 697 ι»
349 674 477 700 manu
499 659 596 707 Dei,
623 665 668 701 nt
690 675 760 702 vos
781 661 934 702 exaltet
958 660 999 701 in
1025 669 1214 715 tempore
1236 655 1517 698 tribulationis
1531 653 1561 695 2.
1580 653 1695 695 »Hac

318 724 525 765 sententia
546 725 884 766 manifestissime
918 724 1042 766 nobis
1079 723 1286 774 insinuat,
1317 722 1429 777 qnod
1452 721 1483 761 si
1508 719 1575 761 hic
1595 719 1696 761 dum

320 789 520 833 vivimus.
546 805 620 831 nos
655 790 877 832 humiliare
901 805 1100 833 curemus
1120 821 1129 837 ‚
1156 797 1347 846 tempore
1384 783 1666 827 tribulationis
1686 815 1697 831 ,

319 855 361 896 id
396 863 480 903 est,
506 855 546 896 in
582 856 648 897 die
684 856 831 912 judicii
867 872 944 898 nos
980 855 1055 898 Dei
1079 855 1210 912 pietas
1239 852 1438 895 exaltabit
1464 851 1502 892 in
1529 850 1699 892 coeleste

318 935 506 976 regnum.
538 921 630 963 Jam
661 923 852 979 superius
877 923 1058 964 diximus
1078 955 1086 969 ‚
1112 921 1228 977 quod
1256 919 1439 962 charitas
1456 950 1464 964 ,
1489 925 1532 959 et
1552 915 1698 958 Humi-

315 984 434 1035 litas‚
460 994 584 1042 atque
605 987 847 1029 obedientia
871 988 924 1030 ad
948 987 1128 1028 invicem
1153 984 1340 1042 separari
1361 997 1444 1025 non
1471 988 1664 1039 possunt.

862 1312 1043 1357 CAPUT
1073 1313 1146 1356 111.

823 1432 885 1473 De
920 1431 1182 1474 ohedientia.

372 1586 434 1627 ET
454 1585 551 1641 quia
574 1584 780 1626 hactenns
801 1585 853 1625 de
872 1584 1094 1630 charitate,
1115 1593 1155 1626 et
1178 1584 1418 1626 humilitate
1443 1584 1604 1627 dictum
1622 1593 1703 1633 est,

324 1651 501 1693 solerter
525 1652 585 1706 (ι)
615 1649 806 1691 attendas
831 1649 964 1705 qualis
994 1657 1099 1690 astat
1124 1650 1390 1691 Obodientiae
1414 1649 1557 1691 virtus.
1575 1650 1706 1707 Prop-

317 1725 382 1758 ter
404 1715 737 1757 inobedientiam
762 1714 874 1755 enim
906 1714 1067 1770 primns
1090 1714 1218 1755 homo
1243 1714 1405 1770 ejectus
1425 1723 1488 1756 est
1511 1717 1562 1757 de
1584 1715 1709 1757 Para·

321 1783 439 1830 diso;
480 1789 740 1838 quapropter
779 1780 811 1821 si
845 1780 945 1820 illuc
983 1779 1042 1821 vis
1077 1781 1338 1828 ascendere,
1379 1781 1583 1822 obediens
1616 1796 1708 1824 esse

325 1848 459 1889 stude.
501 1847 553 1888 Ut
591 1853 731 1888 autem
771 1859 897 1901 quam
935 1859 1085 1901 magna
1121 1845 1172 1885 sit
1206 1845 1293 1887 haec
1317 1846 1449 1887 virtus
1472 1860 1672 1902 agnoscas
1694 1877 1706 1896 ,

321 1912 576 1954 miraculum
596 1911 669 1952 tibi
689 1911 904 1966 quoddam
927 1911 979 1951 ad
997 1910 1248 1951 memoriam
1272 1911 1493 1952 revocabo.
1523 1911 1709 1962 Quidam

326 1978 537 2020 saecularis
556 1977 650 2018 vitae
667 1976 828 2017 habens
848 1985 929 2017 tres
948 1974 1060 2018 filios
1073 1975 1330 2018 renuntiavit
1346 1977 1517 2024 saeeulo,
1537 1985 1579 2018 et
1595 1977 1710 2020 venit

326 2046 375 2086 ad
397 2043 699 2085 monasterium
716 2075 727 2090 ‚
750 2041 857 2083 filios
880 2055 977 2083 suos
1002 2041 1247 2098 relinquens
1271 2042 1311 2083 in
1331 2042 1518 2084 civitate.
1542 2042 1708 2085 Etcum

328 2110 509 2153 stetisset
538 2123 614 2166 per
645 2116 728 2149 tres
761 2122 890 2150 annos
916 2108 956 2148 in
980 2108 1254 2157 monasterio,
1277 2108 1404 2165 coepit
1425 2109 1634 2165 cogitare,
1665 2118 1710 2152 et

328 2174 433 2217 filios
473 2175 523 2216 ad
560 2173 808 2215 memoriam
849 2173 1093 2229 frequenter
1126 2175 1359 2221 reducere,
1384 2183 1427 2216 et
1449 2174 1566 2215 valde
1590 2173 1710 2231 pejus

327 2240 672 2286 contristabatur,
716 2247 758 2280 et
787 2253 871 2280 non
905 2247 1046 2279 tamen
1073 2238 1237 2280 dixerat
1268 2238 1408 2280 abbati
1431 2253 1506 2279 suo
1531 2253 1574 2280 se
1602 2237 1709 2281 filios

328 2306 498 2347 habere.
526 2303 679 2345 Videns
703 2311 843 2345 autem
869 2318 967 2344 eum
991 2303 1120 2345 abbas
1145 2304 1331 2352 tristem,
1350 2304 1452 2345 dixit
1475 2304 1511 2345 ei
1534 2319 1576 2344 :a
1596 2304 1710 2355 Quid

330 2369 496 2413 habos?
534 2385 663 2425 qnare
704 2369 764 2424 (2)
799 2369 925 2411 tristis
952 2368 1031 2410 es?
1061 2369 1151 2411 »Et
1185 2369 1368 2411 narravit
1399 2369 1436 2411 ei
1474 2370 1587 2425 quod
1624 2378 1707 2411 tres

328 2434 434 2478 filios
457 2434 630 2478 haberet
652 2435 693 2476 in
714 2434 903 2483 civitate,
927 2444 969 2476 et
987 2434 1080 2492 quia
1099 2436 1222 2478 vellet
1242 2449 1313 2477 eos
1331 2435 1381 2478 ad
1399 2434 1703 2478 monasterium

376 2541 383 2560 ¹
405 2542 479 2570 Luc.
500 2547 562 2568 xiv.
584 2547 637 2570 ιι.
660 2555 701 2560 --
720 2534 734 2557 2
757 2548 768 2567 1
790 2540 873 2568 Petr.
896 2547 926 2575 v,
950 2539 985 2570 6.

372 2618 514 2662 (1)C0d.
534 2625 567 2646 nt
582 2618 724 2651 solereer.
744 2634 789 2641 -—-
804 2616 854 2662 (Ἃ)
873 2618 920 2653 Id,
941 2620 1034 2661 quia,
