1885 3284
363 214 455 262 256
623 228 657 257 s,
702 226 946 258 AUGUSTINI
985 226 1186 257 amscori
1224 226 1467 259 APPEme,

363 295 567 354 nosipsos
590 293 700 351 tangi
721 293 771 335 ab
796 293 952 334 eisdem
979 307 1063 334 non
1085 292 1378 349 permittamus
1400 325 1410 344 ‚
1433 308 1652 352 quousque
1671 312 1737 339 as-

364 361 631 406 cenderimus
656 360 705 401 ad
734 358 899 401 Patrem
938 357 978 399 in
1002 358 1169 400 eoelum.
1197 357 1379 415 Pingatis
1401 359 1514 401 enim
1546 360 1737 406 foeminas

365 427 480 470 omni
499 425 738 472 sanctitate,
752 423 908 465 ornetis
926 431 967 464 et
985 423 1179 465 homines
1197 424 1312 465 omni
1326 423 1502 472 virtute;
1523 425 1580 467 nil
1599 426 1736 482 pejus,

364 493 422 537 nil
435 493 563 549 magis
575 491 768 538 dubium,
783 488 1153 545 nilimperfectius,
1169 488 1492 531 nilmortiferius
1503 492 1740 535 volentibus

365 567 479 602 caste
501 559 661 606 vivere,
691 570 814 612 quam
839 554 996 596 habere
1016 554 1273 596 consortium
1291 554 1574 598 foeminarum.
1599 557 1741 600 Noluit

364 640 464 683 ergo
486 623 690 666 Dominus
709 620 819 677 tangi
840 635 861 662 a
885 620 1010 663 Maria
1026 652 1035 668 ‚
1064 628 1108 661 ut
1130 635 1204 661 nos
1229 621 1425 667 doceret3
1445 623 1577 664 voluit
1599 632 1740 666 tamen

366 689 478 745 tangi
503 703 522 729 a
546 688 707 730 Thoma
723 719 732 733 ‚
757 694 805 727 ut
823 700 919 727 eum
943 693 986 727 et
1010 700 1085 727 nos
1110 685 1389 734 illuminaret,
1417 685 1513 742 quia
1535 702 1619 729 non
1652 698 1742 732 erat

367 754 528 803 fidelis,
556 754 630 795 sed
657 752 754 794 satis
773 751 1032 793 incredulus.
1060 750 1144 794 Sed
1164 759 1384 808 postquam
1403 752 1564 809 tetigit,
1591 755 1744 796 clama·

367 820 426 863 vit
443 828 484 862 et
505 818 608 861 dixit
635 834 644 860 :
672 837 686 856 (ι
709 818 821 860 Deus
844 832 986 866 meus,
1010 824 1051 859 et
1073 816 1277 859 Dominus
1294 832 1427 859 meus.
1444 837 1460 857 ι)

425 883 495 927 IV.
535 883 617 927 Nos
654 891 792 925 autem
807 915 818 931 ,
857 882 1007 924 fratres
1026 914 1036 929 ,
1073 882 1348 924 discutiamus
1387 891 1428 924 et
1474 883 1708 941 cogitemus
1729 918 1741 935 ,

369 952 481 1008 quod
504 950 568 1007 (1)
596 949 680 1006 jam
698 949 903 991 Dominus
931 948 1087 990 intrare
1112 948 1311 1005 dignatur
1333 950 1382 991 ad
1407 964 1503 997 n0s;
1530 965 1614 991 non
1632 951 1744 993 enim

365 1017 533 1061 visitare
556 1025 598 1058 et
614 1015 772 1057 intrare
794 1016 847 1057 ad
869 1029 1014 1056 omnes
1038 1014 1247 1071 dignatur,
1264 1015 1340 1056 sed
1362 1014 1413 1056 ad
1435 1015 1544 1057 bene
1567 1030 1747 1073 operan-

368 1092 430 1126 tes
451 1090 494 1124 et
516 1080 974 1139 perseverantes.Tales
995 1089 1114 1122 erant
1132 1080 1322 1137 Apostoli
1339 1113 1350 1127 ,
1375 1080 1472 1137 quia
1486 1081 1620 1123 «Cum
1638 1090 1748 1125 esset

369 1170 383 1188 ‚›
400 1163 494 1191 sero
519 1147 585 1190 die
610 1147 726 1197 illa¹‚
758 1155 839 1189 etc.
875 1146 932 1202 (ρ)
956 1165 970 1185 »
1015 1146 1130 1198 Quid
1158 1162 1232 1204 per
1267 1145 1399 1194 Sero,
1433 1146 1512 1189 nisi
1548 1155 1634 1189 tota
1662 1148 1745 1191 vita

369 1213 552 1258 hominis
590 1212 860 1270 designatur?
895 1213 1000 1256 Nam
1039 1212 1149 1254 sicut
1185 1227 1261 1270 per
1297 1227 1419 1254 mane
1438 1246 1449 1262 ,
1490 1213 1748 1271 principium

368 1280 521 1338 operis,
537 1294 612 1336 per
633 1277 853 1320 meridiem
875 1278 1067 1320 medium
1082 1292 1186 1335 opus
1200 1311 1211 1326 ‚
1232 1277 1291 1319 sic
1315 1292 1390 1334 per
1413 1277 1516 1319 Sero
1539 1277 1634 1320 finis
1652 1294 1749 1336 ope-

369 1347 425 1389 ris
449 1345 708 1402 designatur,
734 1352 777 1386 et
795 1352 960 1401 tempus
983 1343 1215 1401 recipiendi
1239 1344 1482 1385 mercedem
1500 1353 1578 1387 est.
1604 1345 1671 1386 Ad
1690 1345 1750 1387 sic

371 1417 690 1471 perseverantes
716 1408 909 1450 Christus
937 1408 1184 1451 festinanter
1207 1408 1406 1456 advenit;
1445 1409 1547 1451 tales
1575 1409 1715 1452 visitat
1736 1442 1748 1458 ,

373 1477 474 1519 tales
497 1474 730 1522 confortat,
761 1473 913 1516 talibus
939 1489 983 1515 se
1010 1474 1070 1516 sic
1097 1473 1350 1515 manifestat.
1394 1474 1526 1516 Intrat
1559 1483 1602 1516 et
1637 1474 1752 1517 venit

372 1543 563 1585 Salvator
587 1539 637 1581 ad
660 1539 927 1596 quiescentes
948 1572 958 1587 ‚
984 1538 1080 1595 quia
1113 1558 1127 1577 a
1145 1539 1233 1580 Una
1257 1538 1530 1580 sabbatorum
1550 1538 1564 1559 ²
1582 1558 1598 1577 »
1614 1539 1749 1596 Apos-

370 1608 444 1651 toli
472 1605 770 1663 quiescebant3
797 1605 854 1647 sic
876 1604 1192 1661 quiescentibus
1214 1604 1384 1646 intravit
1407 1605 1458 1645 ad
1485 1619 1586 1652 eos3
1611 1605 1671 1647 sic
1688 1620 1753 1647 se-

371 1673 570 1716 dentibus
586 1704 596 1720 ,
636 1670 839 1728 Spiritum
873 1679 1067 1712 sanctum
1099 1669 1213 1710 misit
1247 1670 1299 1710 ad
1337 1684 1422 1710 eos.
1462 1668 1595 1711 Nemo
1638 1669 1751 1711 enim

373 1737 588 1781 Christum
599 1737 742 1778 videre
764 1736 945 1793 poterit,
971 1749 1095 1776 nemo
1114 1733 1320 1793 Spiritum
1336 1742 1527 1776 sanctum
1546 1735 1750 1792 recipere,

368 1804 447 1847 nisi
465 1802 592 1844 fuerit
615 1810 756 1843 mente
785 1801 967 1858 quietus.
994 1800 1129 1842 Intrat
1149 1799 1357 1848 Salvator,
1383 1808 1425 1842 et
1445 1798 1585 1842 visitat
1611 1801 1754 1844 reclu-

374 1885 439 1912 sos
463 1868 546 1925 (5),
571 1868 668 1924 quia
688 1866 828 1924 januis
852 1866 1004 1909 clausis
1021 1865 1279 1907 intravit.Tu
1301 1880 1400 1922 ergo
1423 1866 1594 1907 claudas
1611 1874 1753 1923 portas

375 1934 565 1991 corporis
584 1933 669 1983 tui,
697 1934 842 1975 oculos
861 1932 912 1974 ab
931 1932 1076 1973 illicita
1096 1931 1275 1983 visione,
1297 1946 1447 1973 manus
1467 1946 1488 1973 a
1508 1947 1634 1990 prava
1651 1947 1755 1990 ope-

375 2001 538 2044 ratione
553 2032 563 2048 ,
589 2014 711 2042 aures
735 1998 785 2040 ab
808 1998 924 2041 omni
942 1999 1052 2041 mala
1069 1998 1299 2041 auditione.
1324 1997 1441 2055 Fuge
1465 1999 1516 2040 ad
1533 2014 1723 2041 eremum
1741 2031 1751 2048 ,

374 2066 467 2110 siin
491 2067 552 2122 (4)
577 2067 737 2107 mundo
760 2065 851 2107 haec
871 2064 1010 2107 facere
1031 2064 1293 2125 pertimescis
1310 2096 1320 2113 ,
1351 2073 1392 2106 et
1415 2063 1572 2107 ibidem
1605 2066 1754 2108 beatus

375 2148 397 2175 a
421 2131 589 2174 Christo
613 2130 770 2188 poteris
792 2132 849 2188 (5)
878 2130 1062 2180 visitari,
1088 2139 1135 2172 ut
1156 2130 1311 2173 Paulus
1324 2131 1598 2174 eremitarum
1621 2139 1753 2188 pater.

373 2198 550 2240 Intravit
573 2195 779 2245 Salvator,
812 2206 853 2239 et
875 2196 1055 2239 visitavit
1081 2205 1370 2254 congregatos.
1416 2196 1522 2239 Nam
1545 2197 1616 2254 qui
1644 2197 1755 2239 bene

373 2264 502 2308 fortes
522 2279 610 2306 non
633 2271 753 2312 sunt,
778 2264 831 2307 ad
852 2278 1043 2306 eremum
1069 2262 1213 2321 fugere
1231 2262 1469 2321 periculum
1491 2271 1582 2311 est,
1620 2262 1653 2304 si
1676 2262 1752 2305 soli

422 2375 433 2398 ¹
450 2377 548 2407 Joan.
565 2385 620 2412 xx,
637 2384 690 2414 19.
710 2392 753 2398 —
768 2371 784 2396 ²
797 2373 885 2408 Ibid.

413 2455 464 2499 (1)
481 2454 567 2488 Cod.
588 2455 658 2488 sed.
678 2471 726 2479 —
740 2451 791 2499 (2)
810 2453 859 2488 Id.
884 2461 917 2485 et
933 2453 1039 2497 quid,
1058 2463 1117 2497 pro
1138 2462 1201 2486 etc.
1222 2452 1314 2496 quid.
1328 2470 1374 2477 -
1388 2450 1441 2497 (3)
1464 2451 1512 2485 td.
1531 2452 1614 2486 male
1635 2453 1682 2486 ad
1699 2465 1752 2486 re-

359 2512 504 2550 clausos;
532 2517 566 2544 et
593 2510 726 2544 inferius
751 2510 873 2554 pariter
896 2510 1061 2541 reclausus
1086 2509 1184 2543 habet
1201 2519 1260 2554 pro
1276 2508 1432 2545 reclusos.
1457 2526 1504 2534 -
1526 2508 1572 2552 (4)
1605 2510 1701 2542 Deest
1719 2510 1752 2541 in

363 2567 449 2613 apud
476 2567 550 2602 cod.
583 2586 624 2592 -
644 2564 698 2613 (5)
716 2566 800 2601 eod.
822 2567 955 2600 Beati...
977 2566 1140 2609 poteritis.
