1885 3284
394 265 481 312 158
791 279 825 309 S.
869 278 1112 310 Aueusnm
1147 278 1349 313 Emscom

385 361 520 410 usque
542 343 597 390 ad
620 345 751 390 finem
770 344 873 391 vitae
889 361 971 409 pro
993 343 1143 390 divino
1162 363 1306 392 amore
1324 347 1527 405 tenuerit,
1545 346 1600 394 de
1617 346 1754 394 habi-

381 415 529 463 taculo
547 415 689 461 carnis
705 432 893 476 egressus
913 453 925 473 ‚
953 414 1008 461 ad
1033 415 1370 464 aedificationem
1397 418 1647 485 perveniet,
1676 418 1754 465 do-

383 504 506 534 mum
525 504 613 533 non
636 486 930 533 manufactam
952 497 1161 534 aeternam
1181 488 1227 534 in
1250 488 1374 536 coelis
1386 489 1419 538 1.
1445 513 1465 533 »

383 683 500 694 §.um-n
508 683 562 693 svn
570 682 688 693 νιιινς
697 682 814 693 musas*
824 682 837 691 ι
844 681 1006 692 mmm
1013 680 1259 694 mun-mm
1266 682 1759 699 mmm-mmmmm

924 824 1214 869 EPISTOLA

511 963 580 1006 De
617 967 797 1022 septem
837 958 1153 1022 petitionibus
1189 961 1237 1004 in
1275 962 1422 1005 Pater
1451 971 1622 1008 noster.

419 1119 519 1159 Hoec
529 1116 780 1165 adhortatio,
794 1131 864 1156 seu
868 1119 1010 1172 potius
1024 1116 1196 1172 epistola
1206 1147 1217 1166 ,
1229 1124 1304 1157 aut
1312 1119 1454 1173 quovis
1468 1114 1576 1156 hanc
1593 1116 1676 1158 alio
1690 1133 1760 1159 no-

380 1190 485 1228 mine
496 1183 925 1242 nuncuparivolueris,
939 1183 1177 1224 extrahitur
1185 1199 1239 1224 ex
1255 1182 1350 1224 Cod.
1362 1183 1478 1225 Cass·
1495 1198 1754 1235 CCCLxxxvu,

371 1255 454 1311 fol.
484 1255 579 1310 189.
607 1252 703 1292 Non
733 1251 919 1291 (assentit
954 1266 980 1290 α
1005 1253 1190 1292 doctrina
1212 1283 1222 1300 ,
1264 1265 1388 1308 quam
1421 1254 1551 1292 innuit
1586 1251 1761 1294 breviter

378 1330 545 1363 sanctus
569 1321 827 1376 Augustinus
850 1321 890 1357 ιή
911 1317 980 1359 [ι’ἰ).
1004 1334 1033 1359 11
1058 1318 1108 1358 cle
1124 1318 1320 1359 Sermone
1354 1317 1520 1358 Domini
1537 1323 1578 1360 ιή
1594 1330 1729 1362 monte
1743 1353 1754 1371 ‚

379 1395 488 1432 num.
520 1389 574 1430 58
592 1421 602 1436 ,
628 1387 696 1428 ubi
704 1389 868 1444 pariter
879 1394 1032 1442 septem
1048 1389 1264 1442 petitiones
1289 1385 1508 1427 Orationis
1531 1386 1760 1431 Dominicoe

379 1458 537 1513 confert
554 1471 643 1497 cum
666 1462 818 1511 septem
837 1453 955 1494 donis
971 1452 1151 1510 Spiritus
1170 1457 1309 1494 sancti
1331 1462 1369 1494 et
1398 1462 1550 1511 septem
1571 1455 1759 1496 Beatc'tu-

377 1525 553 1567 άίηῐόιιε.

920 1655 1202 1699 SYNOPSIS.

430 1797 462 1837 l.
494 1795 683 1846 Quinque
719 1801 882 1843 septena
910 1792 950 1829 in
977 1790 1207 1842 Scripturis.
1227 1790 1353 1841 Quae?
1385 1790 1440 1829 Il.
1478 1789 1639 1842 Septem
1662 1793 1754 1837 vitia

375 1867 467 1898 sunt
483 1855 732 1910 principalia.
752 1854 825 1893 ΙΙΙ.
846 1853 1006 1904 Septem
1027 1852 1175 1903 pariter
1194 1853 1403 1904 petitiones
1424 1862 1561 1891 contra
1573 1853 1658 1892 haec
1675 1868 1760 1911 sep-

376 1930 459 1960 tem
479 1921 597 1967 vitia,
624 1916 775 1970 quibus
795 1915 1039 1954 conveniunt
1063 1923 1216 1966 septem
1237 1914 1342 1953 dona
1363 1914 1530 1965 Spiritus
1550 1916 1671 1954 saneti
1688 1945 1698 1964 ,
1719 1925 1757 1954 et

375 1991 526 2034 septem
547 1977 830 2019 beatitudines.
862 1975 933 2017 IV.
964 1975 1103 2014 Prima
1122 1977 1262 2028 petitio
1279 1985 1418 2015 contra
1438 1976 1680 2032 superbiam.
1701 1976 1753 2017 V.

372 2043 555 2084 Secunda
584 2041 723 2094 petitio
757 2048 894 2078 contra
928 2037 1136 2077 invidiam.
1161 2037 1233 2078 VI.
1268 2038 1408 2076 Tertia
1442 2038 1584 2090 petitio
1620 2046 1758 2077 contra

371 2105 588 2147 iram.VlI.
612 2103 764 2154 Quarta
784 2101 922 2153 petitio
939 2109 1077 2139 contra
1098 2099 1430 2140 tristitiam.VlII.
1453 2101 1602 2148 Quinta
1617 2102 1758 2152 petitio

376 2175 512 2208 contra
529 2167 756 2206 avaritiam.
778 2163 849 2202 IX.
869 2162 990 2202 Sexta
1008 2163 1150 2214 petitio
1168 2170 1306 2202 contra
1326 2160 1477 2215 gulam.
1512 2161 1560 2203 X.
1581 2163 1758 2214 Septima

370 2232 508 2283 petitio
521 2237 661 2269 contra
678 2226 900 2266 luxuriam.

440 2386 476 2432 1.
519 2385 737 2441 QUINQUE
758 2391 935 2446 septena
955 2417 966 2437 ,
993 2377 1126 2425 frater
1143 2415 1154 2434 ‚
1194 2377 1240 2422 in
1266 2393 1386 2422 sacra
1411 2375 1643 2440 Scriptura
1679 2376 1752 2422 in-

371 2456 469 2504 veni
483 2493 495 2513 ,
521 2472 623 2521 quae
638 2454 738 2501 volo
757 2453 791 2499 si
813 2468 989 2516 possum
1011 2488 1022 2506 ‚
1046 2450 1160 2495 sicut
1189 2447 1385 2512 postulas
1407 2484 1418 2503 ‚
1448 2447 1573 2511 prius
1603 2447 1752 2508 singil-

371 2528 495 2575 latim
513 2524 810 2574 enumerando
829 2524 886 2571 ab
908 2522 1098 2571 invicem
1134 2519 1426 2581 distinguere,
1469 2529 1618 2583 postea
1649 2535 1752 2566 vero

417 2639 428 2662 ¹
451 2650 469 2671 2
484 2639 561 2671 Cor.
578 2648 611 2680 v,
631 2648 661 2671 ι.
