1868 3301
465 244 608 288 'snnmo
643 258 803 296 mxxv,
845 257 898 286 DE
934 256 1097 288 MORTE.
1382 229 1475 300 443

108 322 244 373 Ecce,
273 332 320 365 ut
342 323 490 365 videtis
505 356 515 372 ‚
541 338 690 379 magna
712 324 1029 380 quodammodo
1051 339 1124 365 nos
1138 324 1274 366 visitat
1298 332 1340 367 et
1362 325 1480 366 inau-

110 389 197 432 dina
222 389 460 432 calamitate
479 388 559 445 (ι).
590 388 708 430 Multi
730 388 843 430 enim
868 388 979 444 apud
1011 388 1250 445 Hipponem
1284 389 1375 430 heri
1415 405 1482 431 co-

109 455 356 504 mederunt,
383 462 425 496 et
448 454 630 495 riserunt
651 487 660 502 ‚
681 462 721 495 et
744 453 896 495 festum
920 453 1138 501 fecerunt;
1164 456 1236 495 sed
1255 463 1299 496 ut
1316 454 1479 504 videtis,

109 519 236 560 hodie
258 520 308 561 ad
340 520 552 562 tumulum
583 517 872 575 deportantur.
900 518 953 559 Et
975 517 1069 560 ideo
1089 517 1359 567 festinamus,
1397 534 1480 560 non

109 598 222 631 cras,
249 585 318 626 sed
348 585 495 632 hodic,
524 582 717 625 confiteri
741 590 782 625 et
803 584 1025 640 deplorare
1043 598 1127 624 non
1149 593 1338 626 mortuos
1359 617 1369 632 ,
1410 586 1483 626 sed

109 657 308 707 peccata,
345 659 388 690 ut
415 649 609 690 diximus.
638 648 796 690 Discite
829 648 955 690 etiam
981 663 1102 689 mane
1123 657 1164 690 et
1186 664 1279 690 sero
1301 651 1443 691 dicere
1469 663 1479 690 ε

109 715 144 756 A
168 715 385 757 subitanea
408 723 450 756 et
470 714 695 771 improvisa
722 722 860 756 morte
882 715 1013 755 libera
1037 729 1135 762 nos,
1175 714 1286 756 Deus
1326 715 1478 762 Israel;

108 788 150 821 et
172 780 231 821 sic
249 780 454 822 Dominus
478 779 720 836 dignabitur
742 794 818 821 nos
851 780 1049 821 exaudire
1065 812 1074 827 ‚
1103 788 1147 821 ut
1183 782 1244 837 (2)
1272 795 1347 836 pro
1369 794 1483 822 nunc

107 858 193 901 non
215 846 459 887 moriamur.
489 844 650 887 Scitote
674 853 814 886 tamen
831 877 841 894 ‚
867 847 980 901 quod
1006 853 1211 887 statutum
1230 854 1292 887 est
1319 845 1484 887 cunctis

108 906 346 952 viventibus
368 911 499 952 semel
520 909 627 951 mori
645 910 684 958 ¹;
706 918 746 950 et
764 910 859 952 ideo
887 909 919 951 si
939 910 1310 967 super-vixerimus,
1337 911 1487 952 scitote

108 977 220 1031 quod
239 975 424 1017 minatur
445 976 566 1017 nobis
590 975 809 1017 Dominus.
836 976 929 1032 Ipse
951 976 1063 1017 enim
1084 977 1177 1033 pius
1200 985 1286 1025 est,
1313 980 1354 1017 et
1370 984 1485 1016 nunc

108 1040 218 1082 same
241 1048 284 1082 et
326 1040 579 1083 mortalitate
602 1055 677 1082 nos
703 1042 849 1097 punit,
888 1049 934 1082 ut
955 1056 1030 1082 nos
1063 1041 1174 1098 ipsos
1208 1049 1483 1098 agnoscentes

108 1113 370 1146 revertamur
389 1106 441 1147 ad
463 1121 575 1147 eum.
598 1105 726 1147 Nobis
748 1106 874 1148 etiam
894 1106 1097 1156 minatur,
1126 1107 1295 1163 quando
1319 1105 1488 1163 propin-

108 1185 214 1226 quos
233 1179 397 1212 nostros
420 1172 471 1212 de
489 1171 627 1213 medio
649 1173 842 1213 nostrum
865 1171 987 1214 tollit.
1018 1171 1139 1220 Ideo,
1164 1172 1336 1220 fratres,
1362 1172 1488 1213 etiam

108 1244 373 1278 revertamur
394 1237 445 1277 ad
459 1252 573 1286 eum,
598 1245 645 1278 ut
668 1236 763 1294 suga
777 1244 921 1279 nostra
940 1252 1029 1278 non
1048 1236 1120 1278 fiat
1141 1237 1182 1278 in
1202 1235 1398 1293 hyeme²,
1419 1244 1491 1278 aut

109 1299 362 1357 intempore
389 1300 553 1359 frigoris
573 1316 649 1343 nec
676 1302 930 1359 poenalitatis
950 1319 960 1351 ;
985 1302 1059 1344 sed
1083 1302 1122 1343 in
1147 1303 1288 1344 calore
1310 1301 1489 1343 charita-

110 1364 162 1406 ti's
185 1364 449 1407 inveniamur
478 1366 643 1408 accensi
664 1399 675 1413 ,
696 1368 865 1423 quando
899 1366 1161 1409 merebimur
1184 1367 1326 1409 vocari
1350 1383 1369 1408 a
1398 1369 1487 1409 Do-

110 1429 226 1471 mino
250 1431 301 1471 de
318 1432 529 1487 ergastulo
554 1432 700 1472 mortis
722 1431 865 1487 hujus,
887 1431 1073 1488 Adjuvet
1090 1447 1166 1474 nos
1188 1432 1396 1474 etliberct
1414 1447 1488 1473 nos

111 1495 200 1552 ipse
225 1496 363 1542 Deus,
394 1496 503 1538 sicut
526 1496 720 1538 liberavit
749 1504 834 1538 tres
855 1511 1012 1553 pueros
1036 1498 1088 1539 de
1110 1497 1276 1539 camino
1300 1497 1404 1554 iguis
1430 1511 1490 1538 ar·

112 1560 264 1603 dentis.
293 1561 444 1604 Amen.

161 1687 172 1709 ¹
193 1687 294 1720 Hebr.
312 1698 359 1730 xx,-
375 1689 432 1728 2'7.
447 1705 491 1712 —-
509 1685 656 1720 2Mauh.
672 1699 761 1727 xxiv,
778 1690 831 1721 30.

159 1770 211 1822 (ι)
226 1768 319 1809 beest
340 1768 399 1809 vox
417 1768 610 1808 calamitate
625 1773 659 1809 'in
676 1769 747 1809 c'od.
766 1796 810 1802 —-
826 1779 875 1818 ἰῶ)
893 1771 975 1810 Cod.
999 1771 1037 1810 ἐι.

488 1883 502 1900 1
