1868 3301
320 330 414 388 364
591 348 624 378 s.
669 347 910 380 mensum
947 347 1147 380 EPISCOPI
1185 348 1423 380 APPEme.

316 421 502 470 portare,
520 420 561 455 et
582 413 631 455 ab
646 413 808 457 eisdem
828 416 1092 457 vulneratum
1121 414 1162 456 in
1185 416 1300 458 nullo
1322 430 1484 473 pavere.
1514 415 1682 459 Felicis-

318 478 421 521 sima
437 478 619 535 denique
636 480 716 522 vita
731 488 984 523 cunctorum
1009 489 1193 537 putatur,
1218 481 1250 522 si
1271 482 1361 536 (1),
1385 496 1481 523 cum
1502 482 1684 538 possint,

316 544 424 585 mala
463 558 537 600 pro
572 544 689 586 malis
732 560 813 586 non
856 545 1058 595 reddant,
1098 548 1169 587 sed
1205 546 1341 603 potius
1376 547 1572 603 patientia
1604 548 1688 603 cly-

316 608 426 664 peati
454 608 535 664 (2),
559 609 715 666 optima
740 624 814 667 pro
844 611 1032 666 pessimis
1063 612 1239 653 reddere
1263 611 1471 653 festinent.
1502 612 1604 654 Nam
1627 612 1688 654 vir

318 673 478 730 patiens
502 683 656 730 quanto
688 677 780 731 plus
815 677 866 717 ad
898 676 998 717 iram
1035 685 1302 732 provocatur,
1333 685 1448 718 tanto
1473 677 1620 719 fortius
1647 685 1689 719 et

318 737 485 780 charius
517 741 628 797 apud
655 755 731 782 nos
753 740 813 797 (ὃ)
834 741 1109 783 existimatur.
1149 741 1254 783 Nam
1288 743 1460 784 adversa
1492 750 1685 798 portare,

319 803 550 846 humanum
577 810 712 862 patres
746 806 878 848 nostri
902 807 1259 863 praedicaverunt3
1287 809 1360 850 sed
1384 808 1571 856 brutale,
1599 822 1690 849 ma·-

321 867 409 911 lum
433 885 515 912 non
540 870 670 919 ferre,
688 886 853 928 semper
876 865 951 914 nos
976 873 1224 914 docuerunt.
1243 873 1396 921 »Ecce‚
1421 872 1568 915 fratres
1581 872 1687 921 mei,

319 937 531 992 quomodo
556 936 707 994 Pagani
723 970 731 984 ‚
765 939 958 980 doctores
981 937 1114 980 nostri
1135 953 1223 979 esse
1246 947 1443 995 possunt,
1466 953 1566 980 ecce
1592 952 1692 993 quo·

318 1001 445 1043 modo
482 1001 658 1043 sormam
697 1003 905 1059 patientize
932 1004 1053 1045 nobis
1091 1003 1321 1051 dederunt3
1350 1017 1451 1045 ecce
1479 1005 1690 1059 quomodo

317 1075 358 1109 et
375 1076 577 1123 qnantum
597 1077 781 1110 sanctam
800 1069 1042 1125 patientiam
1066 1068 1454 1127 magnificaverunt.
1479 1069 1550 1111 Eia
1571 1084 1687 1126 ergo,

316 1133 468 1175 milites
498 1133 674 1181 Christi,
708 1135 1020 1192 amplectamini
1055 1136 1112 1191 (4)
1144 1135 1413 1192 patientiam,
1446 1134 1568 1176 facite
1598 1149 1690 1176 eam

314 1214 509 1255 sponsam
527 1232 536 1248 ,
559 1200 791 1257 sequamini
822 1200 993 1258 vestigia
1019 1200 1110 1257 ejus
1131 1232 1141 1251 ,
1173 1209 1215 1242 et
1237 1201 1421 1243 clamare
1444 1214 1541 1242 cum
1566 1200 1690 1242 Petro

315 1280 398 1306 non
422 1265 628 1307 desistatis
660 1266 698 1307 in
733 1266 896 1308 cunetis
924 1282 1015 1323 quae
1042 1266 1255 1323 patimini,
1287 1274 1333 1307 ut
1354 1266 1422 1308 ille
1447 1265 1691 1322 patientiam

314 1330 473 1372 tribuat
495 1331 566 1387 qui
589 1345 664 1373 suo
683 1331 864 1390 pretioso
887 1332 1088 1389 sanguine
1114 1347 1188 1374 nos
1211 1330 1404 1374 redemit.
1431 1331 1581 1374 Amen.

314 1513 1187 1526 §sssssmmmuwssnaestxmwmzsttzzxsnznn
1196 1514 1422 1526 xxxwwtmu
1444 1513 1690 1526 ωιιὶιιῆυδδ

793 1638 1000 1682 SERMO
1037 1637 1200 1682 LXIX.

622 1759 677 1802 In
713 1756 867 1804 Natali
901 1757 1053 1802 sancti
1087 1756 1331 1801 Laurentii
1366 1755 1401 1800 1.

381 1913 461 1954 Hie
478 1926 611 1953 sermo
633 1910 800 1952 eductus
811 1925 864 1951 ex
884 1909 986 1953 Cod.
1002 1908 1120 1952 Cass.
1142 1923 1226 1960 clx,
1242 1907 1322 1964 fol.
1342 1923 1434 1965 9261
1459 1918 1587 1966 tergo,
1602 1924 1692 1951 cum

324 1984 485 2022 nomine
503 1982 639 2021 sancti
658 1980 898 2036 Augustini,
919 1977 1129 2018 collimare
1150 1977 1318 2018 videtur
1337 1979 1378 2016 in
1398 1975 1586 2032 pluribus
1607 1993 1695 2019 cum

324 2063 509 2089 sermone
528 2046 766 2104 appendicis
778 2046 1056 2086 Mam-[nensis
1075 2060 1184 2098 ccvl,
1201 2049 1273 2103 qui
1282 2048 1407 2086 etiam
1428 2044 1577 2102 legitur
1596 2049 1701 2086 inter

323 2134 448 2176 opera
459 2120 596 2158 sancti
608 2116 826 2158 Ambrosii.
856 2116 1109 2156 Benedictini
1122 2116 1172 2156 (le
1191 2131 1374 2156 sermone
1395 2115 1446 2155 ab
1469 2118 1568 2172 ipsis
1587 2115 1695 2156 edito

325 2186 518 2228 discernat
552 2200 640 2225 eum
671 2184 838 2242 (lignum
862 2200 952 2225 esse
973 2187 1045 2242 qui
1072 2184 1257 2242 legatum
1284 2183 1434 2240 cll'gmcs
1462 2192 1522 2224 est
1551 2192 1592 2223 et
1609 2187 1697 2235 iste,

327 2269 444 2313 quem
460 2257 635 2311 stampis
652 2252 878 2301 subdimus,
900 2260 1035 2308 utpote
1047 2255 1164 2310 quiin
1177 2250 1315 2292 multis
1328 2255 1382 2292 sic
1391 2251 1573 2291 diversus
1591 2251 1642 2291 ab
1653 2266 1699 2292 eo

329 2337 445 2379 quem
468 2321 653 2362 Maurini
675 2320 901 2361 ediderunt.
941 2319 1062 2360 Illum
1089 2329 1225 2361 tamen
1261 2324 1368 2361 inter
1388 2334 1594 2360 sermones
1623 2336 1702 2378 ap-

323 2390 684 2448 pendicz'spropter
704 2389 868 2430 easdem
891 2405 936 2429 ra
945 2392 1072 2429 tiones
1094 2388 1383 2429 amamlamus.
1408 2388 1536 2428 Locus
1547 2389 1635 2444 ejus
1650 2392 1704 2429 sic

330 2459 435 2499 idem
465 2474 517 2499 ac
532 2461 727 2500 sermonis
747 2472 838 2502 ccvl
861 2456 1211 2499 Beneclfctmormn
1230 2489 1241 2510 ‚
1262 2457 1377 2513 cujus
1397 2456 1560 2497 diversa
1584 2456 1703 2497 vide-

333 2537 399 2569 tur
416 2528 552 2570 editio.

379 2633 428 2674 (ι)
445 2634 544 2665 Deest
560 2632 589 2664 si
604 2632 636 2665 in
649 2631 719 2665 cod.
734 2649 778 2658 -—
798 2629 847 2676 (2)
865 2630 944 2665 Cod.
963 2632 1142 2673 clypeatus.
1161 2647 1203 2655 —
1224 2626 1276 2676 (3)
1293 2629 1344 2665 ld.
1358 2637 1512 2664 nostrum.
1529 2646 1573 2655 -—
1591 2626 1704 2675 (4)1d.

333 2688 578 2730 amplectamur,
