1868 3301
378 263 470 318 442
637 276 673 305 s,
719 274 962 305 Ausus‘rml
1000 273 1202 302 Emscopi
1239 272 1478 303 ArPEme.

377 349 545 401 gentem
562 374 572 389 ,
601 341 652 382 ad
674 340 883 381 miseriam
919 337 1204 378 revocandum
1239 336 1332 394 (1)?
1352 337 1501 380 Flebat
1523 339 1649 395 igitur
1669 341 1752 383 Do-

377 408 545 456 minus,
580 405 677 462 quia
705 406 935 462 cogebatur
974 411 1146 459 propter
1171 402 1271 444 ulios
1310 403 1527 445 salvandos
1550 404 1752 449 Lazarum

382 473 534 516 saeculo
557 485 768 513 revocare.
792 470 907 512 llanc
931 467 1057 509 vitam
1077 468 1231 509 intrare
1254 468 1455 510 Lazarum
1481 469 1595 511 ssevit
1612 471 1754 513 Domi·

377 554 478 583 nus,
504 551 630 593 quam
655 550 731 577 nos
753 534 892 575 miseri
916 533 1108 574 dolemus
1126 532 1175 573 ab
1209 532 1355 574 amicis
1373 535 1527 576 nostris
1551 535 1745 578 ablatam.

374 602 510 646 Flevit
528 611 570 643 et
586 601 809 657 episcopus
823 606 959 640 vester
973 612 1056 638 non
1074 606 1254 639 mortem
1279 598 1445 647 matris,
1473 600 1545 641 sed
1564 601 1753 643 dolorem

376 683 502 725 quem
524 667 668 709 multis
693 665 809 707 annis
833 672 1006 720 propter
1028 677 1096 704 me
1118 677 1236 718 passa
1258 672 1331 704 est.

434 735 485 776 V.
520 732 595 774 Eia
618 731 760 788 igitur,
789 728 937 770 fratres
958 762 968 777 ‚
1002 742 1084 769 non
1113 727 1288 769 fleamus
1308 761 1319 777 ‚
1358 728 1431 769 sed
1464 729 1749 784 gaudeamus,

377 798 474 856 quia
501 797 551 839 de
576 798 631 852 (2)
653 796 786 838 aliena
811 792 1023 850 provincia
1047 792 1194 834 mundi
1216 792 1404 834 transivit
1425 793 1476 833 ad
1500 793 1748 843 Dominum,

376 874 418 907 et
440 866 490 907 de
507 863 648 906 hostili
665 860 831 903 miseria
855 859 1049 901 transivit
1074 859 1125 900 ad
1147 859 1316 900 coelum.
1346 858 1438 901 Non
1462 860 1601 901 luctus
1627 859 1755 902 debet

376 931 569 973 incutere
596 941 853 986 quemquam
878 924 1070 983 fidelem,
1096 938 1192 965 cuin
1223 925 1274 965 de
1298 923 1636 981 peregrinatione
1663 940 1754 966 me-

373 995 616 1039 ruitvolare
643 995 695 1035 ad
722 990 929 1049 patriam?
963 991 1105 1042 Quare
1133 988 1246 1031 hoc?
1277 1004 1408 1045 quare
1431 987 1587 1031 meruit
1610 988 1752 1031 volare

378 1063 431 1104 ad
455 1059 664 1119 patriam?
682 1057 778 1115 quia
799 1056 1012 1099 luxuriose
1037 1070 1121 1096 non
1143 1055 1268 1103 vixit3
1290 1055 1385 1111 quia
1408 1055 1507 1096 licet
1530 1054 1755 1111 aliquando

375 1126 638 1184 peccaverit,
665 1133 807 1166 tamen
827 1122 1021 1168 Patrem,
1055 1128 1098 1162 et
1132 1120 1312 1169 Filium,
1340 1128 1382 1161 et
1404 1119 1608 1177 Spiritum
1632 1134 1756 1162 sanc-

375 1201 467 1234 tum
491 1207 576 1233 non
599 1189 794 1248 negavit,
821 1188 896 1229 sed
918 1186 1099 1229 credidit
1124 1196 1166 1228 et
1187 1185 1399 1234 adoravit3
1435 1186 1529 1227 ideo
1553 1185 1686 1228 inanis
1713 1194 1756 1228 ot

374 1272 532 1299 vacuus
548 1270 632 1298 non
658 1254 847 1296 creditur
867 1251 1087 1294 recessisse
1106 1285 1114 1298 ,
1139 1250 1237 1307 quia
1261 1250 1577 1292 christianitatis
1596 1265 1755 1292 merca-

374 1331 442 1364 tus
464 1330 529 1364 est
550 1322 735 1363 lucrum.
763 1317 848 1360 Sed
866 1317 957 1373 quis
977 1325 1039 1358 est
1057 1316 1128 1372 qui
1145 1315 1642 1358 christianitatislucrum
1657 1329 1754 1372 pos-

374 1388 429 1431 sit
450 1386 660 1430 mercari?
681 1384 804 1427 Solus
828 1383 896 1424 ille
909 1383 980 1439 qui
1000 1382 1108 1424 bene
1125 1382 1287 1425 vixerit.
1306 1381 1358 1423 Et
1370 1381 1462 1438 quis
1478 1390 1541 1423 est
1560 1381 1631 1438 qui
1647 1381 1755 1422 bene

380 1451 560 1495 vixerit?
582 1451 705 1494 Solus
737 1450 807 1491 ille
838 1448 910 1504 qui
937 1447 1013 1489 Dei
1037 1448 1299 1489 voluntatem
1326 1447 1573 1504 adimplevit
1593 1447 1659 1488 vel
1681 1446 1754 1488 ad-

384 1517 563 1574 implere
584 1515 721 1572 potuit
741 1513 759 1554 P
781 1513 902 1556 Solus
920 1513 989 1554 ille
1005 1512 1076 1568 qui
1099 1512 1240 1553 dicere
1258 1520 1398 1569 potest
1425 1527 1434 1553 τ
1452 1511 1633 1554 «Renuit
1651 1525 1754 1553 con—

374 1582 529 1624 »solari
554 1580 690 1622 anima
714 1593 805 1620 mea
822 1610 833 1626 ,
860 1592 1025 1618 memor
1055 1576 1114 1618 sui
1140 1575 1270 1626 Dei¹;
1296 1595 1311 1615 »
1332 1591 1514 1633 quorum
1549 1591 1753 1619 numerus

374 1648 515 1690 brevis
538 1655 616 1688 est.
644 1644 873 1696 Quomodo
899 1643 979 1685 hoc
1004 1641 1160 1684 seimus
1180 1641 1197 1682 Ρ
1214 1642 1406 1698 quiahoc
1424 1641 1516 1683 fieri
1539 1643 1749 1685 videmus.

371 1713 483 1755 Ecce
510 1710 615 1753 nihil
634 1710 674 1751 in
700 1707 790 1751 Deo
818 1708 1097 1754 delectamur,
1133 1708 1206 1748 sed
1236 1706 1278 1747 in
1309 1706 1448 1763 (5)...,
1473 1705 1513 1747 in
1540 1721 1747 1762 equorum

371 1793 499 1820 cursu
515 1807 526 1824 ,
548 1777 591 1818 in
614 1774 865 1831 accipitrum
889 1773 1032 1814 volatu
1048 1805 1058 1820 ‚
1083 1772 1124 1813 in
1142 1772 1372 1814 mulierum
1392 1771 1580 1814 venustis
1606 1787 1753 1830 aspec-

370 1842 484 1884 tibus
501 1875 510 1890 ,
537 1841 579 1882 in
594 1839 946 1881 vestimentorum
965 1836 1236 1878 varietatibus
1250 1870 1258 1883 ‚
1284 1837 1327 1878 in
1356 1836 1517 1895 campis
1531 1869 1542 1885 ‚
1562 1837 1604 1878 in
1624 1837 1751 1892 pratis

370 1905 636 1949 florentibus.
664 1903 717 1945 Et
739 1902 841 1959 quid
868 1900 1022 1959 plura?
1044 1901 1156 1943 Ecce
1176 1916 1282 1959 puer
1300 1901 1342 1943 in
1360 1916 1486 1959 pomo
1502 1935 1511 1949 ‚
1536 1903 1675 1944 vetula
1709 1902 1750 1944 in

370 1970 552 2029 pecunia
566 2003 577 2018 ,
600 1983 673 2010 rex
687 1968 734 2009 “in
758 1982 888 2024 regno
904 1999 916 2017 ‚
942 1966 1061 2007 miles
1082 1966 1124 2007 in
1140 1981 1238 2008 ense
1253 1999 1264 2015 ,
1291 1966 1472 2008 rusticus
1489 1966 1531 2008 in
1550 1968 1749 2023 temporis

372 2034 577 2094 temperie
599 2042 754 2092 sperat.
795 2032 907 2075 Ecce
929 2031 1144 2088 quomodo
1185 2033 1310 2089 pauci
1342 2041 1461 2081 sunt,
1497 2031 1568 2089 qui
1608 2034 1749 2076 dicere

371 2102 535 2161 possint
560 2117 602 2142 :«
618 2099 776 2143 Renuit
799 2097 1008 2141 consolari
1032 2096 1168 2139 anima
1201 2113 1319 2146 mea,
1344 2113 1509 2140 memor
1529 2097 1587 2139 fui
1610 2097 1700 2141 Dei.
1722 2117 1738 2137 ι»

433 2166 498 2210 VI.
534 2167 587 2209 Et
609 2166 732 2215 ideo,
766 2165 940 2213 fratres,
974 2163 1103 2205 nolite
1130 2163 1274 2220 inique
1297 2179 1446 2221 agere,
1474 2164 1604 2206 nolite
1630 2179 1748 2207 mor-

373 2243 467 2276 tuos
488 2232 590 2275 ssere
611 2249 622 2280 ;
643 2231 718 2274 sed
741 2239 876 2273 vestra
897 2238 940 2271 et
961 2243 1109 2270 eorum
1131 2237 1304 2286 peccata
1329 2228 1478 2271 discite
1501 2226 1744 2285 deplorare;

371 2300 518 2342 discite
542 2297 755 2356 perditum
777 2305 943 2354 tempus
979 2310 1253 2353 recuperare3
1283 2294 1432 2338 discite
1457 2295 1747 2353 eleemosynas

370 2367 493 2415 dare;
521 2364 669 2407 discite
686 2362 993 2406 consessionem
1013 2363 1163 2404 devote
1185 2361 1399 2418 suscipere
1411 2359 1738 2404 et'sacrainente.

415 2479 423 2499 ¹
444 2477 527 2510 Psal.
545 2486 652 2512 mxxvi,
674 2482 704 2511 4.

412 2554 461 2598 (ι)
480 2554 560 2588 Cod.
581 2563 798 2587 revocantem.
828 2571 874 2578 -··
903 2552 953 2597 (27¹
971 2556 1066 2584 Deest
1091 2554 1131 2583 de
1157 2552 1190 2583 in
1219 2552 1290 2584 eod.
1312 2571 1354 2576 -
1383 2549 1435 2597 (3)
1458 2554 1581 2583 Desunt
1601 2551 1742 2593 quaedam

367 2612 469 2643 deleta
489 2610 523 2643 in
543 2610 614 2642 cod,
