1868 3301
331 343 462 375 mmm
498 343 553 373 ΒΕ
588 343 789 375 οΜΝΙΒυε
826 344 1121 385 vut'ru'rissus,
1161 345 1253 375 E'rc.
1405 329 1497 393 489

129 411 224 455 Nol-i·
252 425 352 468 ergo
374 410 560 468 proferro
589 412 736 459 verba,
763 427 854 468 quzu
884 412 1012 453 risum
1038 412 1100 452 vel
1128 411 1380 453 cachinnum
1402 426 1495 453 mo-

128 486 248 526 vent,
273 478 347 519 sed
363 477 494 532 magis
514 491 607 533 quse
625 479 676 518 ad
698 478 1069 533 compunctionem
1094 486 1134 518 et
1155 479 1360 534 lacrymas
1382 485 1423 517 et
1445 477 1497 518 ad

129 544 362 588 animarum
383 544 623 599 profectum
648 544 875 600 pertinent.
902 546 1015 586 Tuus
1041 559 1139 601 ergo
1157 559 1294 586 sermo
1318 544 1370 586 sit
1395 557 1500 585 sem-

127 623 203 667 per
224 610 309 650 sale
330 608 527 651 conditus
548 608 629 665 (ι).

184 673 336 716 Narrat
355 688 539 730 namque
561 673 744 716 Historia
763 674 1004 731 Tripartita‚
1028 673 1349 716 Monmenoncm
1375 673 1500 715 Salie-

126 752 224 781 nem
255 738 475 796 Syriorum
511 741 760 796 praesulem,
798 749 922 796 atque
957 741 1229 782 Theodonem
1265 738 1499 781 multorum

125 804 435 847 monachorum
461 805 658 862 praesides
678 805 817 848 fuisse.
846 806 982 848 Ambo
1006 819 1189 863 namque
1214 805 1382 847 fuerunt
1406 819 1503 862 ope—

121 878 288 912 ratores
323 870 645 927 inopinabilium
679 886 847 924 rerum,
876 880 918 914 et
947 872 1085 914 divina
1111 870 1373 930 providentia
1400 884 1501 927 pro-

126 934 354 992 phetiaque
371 936 588 993 completi.
609 936 777 979 Dicitur
803 937 1077 980 Theodonem
1099 937 1315 980 eruditum
1339 937 1502 993 AEgyp-

121 1000 307 1053 tiorum,
331 1001 576 1044 Graecorum
595 1035 605 1050 ‚
633 1002 882 1044 Latinorum
910 1003 1057 1045 studiis
1073 1036 1084 1052 ‚
1116 1012 1158 1046 et
1179 1003 1347 1061 triginta
1373 1015 1505 1044 annos

126 1064 325 1108 habuisse
347 1067 693 1111 taciturnitatem.
724 1068 854 1111 Porro
882 1084 902 1110 a
921 1069 1037 1110 nullo
1053 1068 1276 1111 hominum
1295 1068 1405 1110 visus
1428 1065 1506 1108 suit

126 1129 336 1178 irascens,
370 1139 441 1174 aut
478 1130 649 1187 jurans,
683 1141 754 1175 aut
788 1133 1021 1183 mentiens,
1061 1142 1132 1176 aut
1158 1149 1313 1177 vanum
1348 1131 1505 1189 aliquid

127 1196 193 1238 vel
229 1211 424 1254 asperum
470 1196 531 1255 (2)
559 1233 569 1248 ,
607 1199 675 1240 vel
725 1197 943 1240 infirmum
984 1199 1207 1256 protulisse
1247 1211 1500 1241 sermonem.

125 1261 288 1305 Horum
312 1265 574 1320 temporibus
596 1264 677 1308 fuit
705 1265 832 1308 etiam
858 1266 970 1307 Elias
1000 1266 1234 1308 monachus
1261 1267 1303 1307 in
1331 1278 1476 1306 eremo
1493 1295 1505 1312 ,

129 1341 256 1385 agens
283 1343 440 1371 annum
463 1330 596 1372 aetatis
619 1345 704 1372 suae
736 1331 1014 1373 centesimum
1035 1332 1262 1373 decimum.
1289 1330 1423 1372 Antea
1446 1337 1508 1370 ta-

129 1407 228 1436 men
247 1408 354 1450 pene
370 1395 632 1453 septuaginta
651 1396 769 1438 annis
787 1397 900 1438 solus
918 1397 1016 1439 vixit
1040 1397 1079 1438 in
1103 1396 1353 1443 solitudine;
1376 1408 1508 1450 usque

128 1459 181 1500 ad
203 1457 314 1503 hanc
345 1468 511 1502 aetatem
536 1460 798 1517 jejunando,
829 1463 1095 1518 multumque
1124 1461 1312 1507 silendo,
1345 1468 1387 1502 et
1407 1458 1509 1501 viri-

127 1523 225 1570 liter
258 1527 548 1568 conversando
579 1526 782 1582 pervenit.
820 1527 917 1568 Haec
951 1527 1154 1568 miracula
1185 1527 1331 1568 hortor
1351 1533 1399 1567 ut
1422 1525 1508 1566 sre—

127 1597 308 1645 quenter
339 1591 452 1647 legas
469 1623 479 1639 ,
506 1599 553 1632 ut
576 1591 683 1633 scias
709 1604 835 1647 quam
866 1600 1032 1633 cautam
1056 1600 1097 1633 te
1119 1591 1160 1633 in
1187 1591 1399 1647 loquendo
1419 1604 1509 1631 esse

127 1663 334 1712 oporteat.
356 1656 523 1698 Audisti
540 1657 652 1698 enim
674 1672 815 1705 nunc,
838 1666 880 1698 et
895 1689 904 1704 ,
931 1665 976 1698 ut
997 1665 1101 1714 puto
1117 1690 1127 1709 ‚
1157 1657 1370 1698 memoriae
1389 1670 1508 1697 com-

130 1721 363 1770 mendas-ti,
404 1723 519 1778 quod
561 1723 828 1765 doctissimus
873 1723 1125 1765 Theodones
1162 1723 1397 1765 monachus
1433 1735 1509 1779 per

130 1785 303 1843 triginta
321 1802 454 1829 annos
476 1788 613 1830 tenuit
633 1788 981 1831 taciturnitatem.
1007 1789 1162 1830 Hortor
1186 1789 1330 1846 igitur,
1349 1796 1395 1830 ut
1410 1786 1507 1844 quia

129 1851 251 1894 nobis
279 1853 443 1895 assidue
476 1861 615 1896 tacere
647 1869 732 1896 non
761 1854 873 1904 licet,
901 1856 965 1897 vel
997 1855 1124 1903 libet,
1162 1855 1423 1911 complaceat
1462 1859 1508 1893 ut

129 1930 294 1980 semper
311 1932 331 1959 a
355 1919 467 1959 malo
489 1919 764 1961 detractionis
787 1920 921 1961 sileas.
951 1921 1002 1962 Ut
1024 1936 1123 1977 ergo
1145 1920 1219 1961 tibi
1244 1921 1375 1961 virtus
1398 1917 1505 1960 taci-

133 1983 348 2024 turnitatis
370 1985 562 2041 placeat,
597 1984 696 2026 audi
718 1984 856 2027 adhuc
879 1985 980 2042 quid
1007 1985 1234 2029 Zacharias
1258 1986 1309 2027 de
1332 1985 1419 2042 ipsa
1442 1984 1508 2025 in-

131 2055 383 2106 terrogatum
421 2050 700 2107 responderit.
734 2051 846 2093 Dixit
875 2053 1002 2094 abbas
1034 2053 1196 2101 Pastor,
1229 2053 1344 2108 quod
1380 2051 1506 2092 inter-

130 2115 301 2171 rogavit
331 2115 458 2158 abbas
485 2116 658 2158 fratrem
684 2116 931 2160 Zachariam
951 2119 1094 2160 dicens
1116 2134 1156 2160 :a
1177 2117 1291 2170 Quid
1314 2117 1429 2159 vides
1444 2113 1464 2154 Ρ
1479 2133 1495 2154 »

128 2179 180 2221 Et
205 2179 276 2222 ille
298 2180 402 2222 dixit
432 2195 473 2222 :a
491 2181 603 2223 Nihil
625 2182 774 2224 melius
797 2198 922 2239 qnam
952 2193 1091 2226 tacere
1108 2216 1119 2234 ‚
1146 2192 1276 2241 pater.
1306 2201 1320 2222 n
1340 2182 1393 2224 Et
1414 2181 1501 2238 ipse

129 2245 346 2307 respondit
366 2261 375 2287 :
393 2264 409 2285 α
429 2245 586 2289 'Verum
602 2256 683 2300 est,
703 2246 779 2296 fili;
806 2258 944 2291 tacere
961 2265 1127 2306 semper
1148 2257 1327 2305 oportet.
1355 2266 1370 2287 n
1391 2247 1503 2289 flora

130 2319 274 2361 autem.
295 2311 442 2353 mortis
471 2311 561 2368 ejus
590 2313 740 2355 sedens
781 2314 910 2357 abbas
941 2314 1124 2357 Isidorus
1149 2313 1330 2371 respexit
1353 2313 1394 2354 in
1414 2326 1504 2354 coe-

128 2376 245 2425 lum,
278 2385 321 2418 et
348 2377 480 2419 dixit:
505 2395 520 2416 α
545 2377 704 2420 Laetare
723 2411 733 2426 ‚
767 2378 827 2421 fili
858 2380 1060 2424 Zacharia
1078 2414 1087 2429 ‚
1126 2380 1222 2437 quia
1251 2387 1406 2437 apertae
1427 2376 1505 2419 tibi

129 2449 228 2484 sunt
260 2440 398 2497 januae
434 2442 551 2500 regni
584 2445 801 2487 coelorum.
830 2463 846 2484 »
875 2445 999 2488 Vides
1033 2461 1158 2504 ergo,
1192 2460 1215 2486 ο
1237 2443 1500 2487 sanctissima

129 2505 277 2556 Mater,
301 2508 416 2564 quod
436 2507 651 2552 Zachariae
672 2525 748 2567 pro
775 2511 1060 2554 taciturnitate
1080 2544 1090 2560 ,
1122 2510 1303 2553 maxima
1323 2509 1505 2555 virtute,

176 2623 224 2668 (ι)
250 2623 331 2658 Cod.
362 2625 444 2658 male
469 2626 645 2659 conditum.
672 2644 719 2651 —
743 2626 791 2671 (2)
822 2627 871 2661 Id.
904 2628 987 2660 male
1005 2628 1113 2659 ‘visum
1128 2627 1201 2670 fuit
1227 2627 1424 2659 irascentem
1454 2633 1511 2658 aue

121 2679 308 2723 jurantem,
321 2689 380 2716 auc
395 2682 603 2716 mentientem
615 2709 626 2728 ‚
647 2692 707 2717 aut
723 2695 852 2717 vanum
877 2684 1026 2729 aliquid,
1044 2685 1105 2717 vel
1121 2695 1282 2727 asperum.
