1885 3284
336 294 479 325 smum
514 293 668 333 xxxvi,
708 295 755 324 JN
794 294 929 324 cosm
966 293 1127 323 Domui
1166 294 1234 322 ιιι.
1370 278 1454 324 183

88 361 229 419 primo
254 359 294 401 in
319 358 481 400 honore
497 389 508 407 ,
548 365 593 398 ut
634 358 771 400 caeteri
805 367 947 415 postea
971 356 1105 398 simile
1128 356 1327 399 facerent.
1358 359 1457 399 ldeo

93 427 153 469 sic
168 424 487 482 intelligendum
510 431 597 464 est:
615 438 711 464 cum
730 438 939 465 summam
958 423 1014 478 (1)
1032 422 1093 464 rei
1113 423 1219 464 benc
1239 430 1457 464 transcur-

91 491 213 533 risset
234 489 415 532 dicendo
442 488 633 544 :«Coepit
651 490 790 530 lavare
812 488 964 546 pedes,
986 496 1029 529 ot
1052 487 1181 529 linteo
1205 487 1387 545 tergere¹
1411 505 1449 537 ;»

91 556 200 598 redit
223 564 365 612 postea
389 555 441 596 acl
467 552 659 595 ordinem
694 555 782 602 rei,
815 554 1075 596 ostendendo
1111 553 1255 595 dicens
1290 552 1463 596 :avenit

96 636 222 679 »ergo
249 622 301 662 ad
326 618 579 663 Simonem2.
595 638 608 659 ιι

151 687 219 730 IV.
259 686 373 738 Quid
393 695 456 728 est
477 701 576 743 ergo
594 686 708 743 quod
725 693 865 743 postca
888 685 990 727 dicit
1008 685 1210 736 Dominus
1236 702 1245 728 :
1273 687 1378 739 «Qui
1407 688 1465 730 lo-

93 774 108 793 n
124 762 190 796 tus
206 762 293 802 est,
324 767 407 794 non
432 753 592 810 indiget
619 753 696 795 nisi
730 763 777 794 ut
800 753 925 810 pedes
946 753 1082 802 lavet,
1106 754 1179 793 sed
1201 762 1262 794 est
1284 755 1467 795 mundus

95 817 276 861 »totus³.
299 837 314 858 ι
338 817 380 860 Si
397 827 461 860 est
482 818 667 860 mundns
692 827 826 867 totus,
851 833 981 876 quare
1001 833 1172 860 necesse
1193 828 1251 860 εει
1274 827 1318 860 ιιι
1341 820 1469 876 pedes

93 883 230 928 lavet?
248 884 349 926 Ideo
366 915 376 932 ,
392 882 540 925 fratres
554 916 564 932 ,
584 886 805 926 attendere
827 884 990 926 debetis
1013 885 1126 940 quod
1144 885 1212 926 hic
1235 885 1335 926 facit
1355 900 1470 926 men-

93 951 252 994 tionem
277 949 482 992 Dominus
503 951 554 991 de
575 950 790 992 ablutione
809 950 1086 1008 baptismatis.
1121 950 1206 1002 Qui
1235 966 1333 1008 crgo
1359 951 1471 992 lotus

95 1025 160 1060 est
175 1016 218 1058 in
242 1015 492 1072 baptismate
514 1023 651 1064 totus,
680 1032 764 1058 non
792 1026 855 1058 est
879 1032 1050 1058 necesse
1067 1050 1076 1064 ,
1104 1017 1180 1058 nisi
1200 1025 1244 1058 ιιι
1267 1019 1377 1059 lavet
1399 1032 1473 1072 pe-

98 1085 171 1126 des
187 1081 411 1124 venialium
437 1090 762 1139 peccatorum,a
786 1083 939 1138 quibus
957 1082 1140 1139 peccatis
1157 1082 1342 1124 humana
1355 1098 1473 1124 mens

98 1157 208 1191 stare
229 1161 313 1189 non
339 1154 476 1203 potest
497 1147 696 1189 immunis
724 1147 808 1204 (2),
840 1163 918 1189 nec
943 1148 1077 1190 infans
1100 1147 1222 1203 cujus
1240 1149 1364 1190 unius
1391 1148 1474 1190 diei

99 1214 182 1257 vita
204 1212 391 1270 regnaffi.
414 1213 571 1255 Paratis
596 1214 782 1271 denique
805 1223 847 1256 et
869 1215 1172 1256 consummatis
1195 1230 1323 1257 sacrae
1346 1229 1476 1256 coenae

101 1277 400 1326 sacramentis,
440 1279 560 1320 sactis
595 1287 637 1320 et
669 1280 869 1321 ordinaiis
900 1279 1112 1336 Apus-telis
1149 1281 1442 1322 sacerdotibus
1462 1312 1474 1330 ‚

97 1344 438 1393 communicatis,
453 1352 496 1385 et
510 1344 606 1386 lotis
619 1360 764 1386 eorum
790 1345 984 1402 pedibus,
1004 1347 1157 1387 iterum
1177 1346 1347 1388 intravit
1364 1361 1479 1387 men-

96 1426 185 1454 sam
212 1419 255 1452 et
276 1410 332 1451 ait
357 1424 400 1450 :«
414 1409 536 1451 Scitis
558 1411 658 1466 quid
683 1412 856 1453 fecerim
879 1411 1026 1452 vobis?
1057 1411 1101 1453 Si
1133 1426 1234 1468 ergo
1258 1427 1335 1469 ego
1364 1413 1476 1454 Deus

96 1495 114 1516 J>
127 1485 170 1518 et
186 1475 382 1532 Magister
401 1475 480 1516 lavi
501 1477 628 1531 pedes
643 1485 818 1524 vestros,
843 1485 883 1517 et
902 1492 973 1517 vos
997 1477 1160 1518 debetis
1185 1478 1289 1518 alter
1307 1477 1477 1519 alterius

100 1542 268 1583 »lavare
289 1540 458 1597 pedes⁵.
479 1559 494 1578 ι)
528 1540 571 1582 Si
604 1557 696 1583 sum
718 1542 913 1599 Magister
929 1575 939 1590 ‚
981 1542 1130 1584 discite
1154 1559 1173 1584 a
1199 1543 1419 1600 Magistroe
1444 1543 1477 1585 si

101 1607 332 1654 Dominus,
359 1605 583 1647 erubescat
605 1606 685 1648 hoc
711 1607 928 1664 despicere
951 1622 1119 1655 servus3
1145 1607 1178 1648 si
1201 1607 1286 1663 jam
1310 1609 1479 1665 peperci

102 1670 333 1730 proditori,
355 1679 398 1712 et
423 1685 497 1712 vos
518 1686 694 1728 parcere
713 1672 942 1720 studeatis3
967 1673 997 1714 si
1023 1682 1119 1714 ante
1134 1688 1231 1714 eum
1251 1674 1477 1729 genuflexi,

103 1736 284 1780 humiles
306 1745 452 1777 contra
477 1738 734 1778 adversarios
751 1738 951 1779 studeatis
970 1753 1083 1785 csse3
1111 1739 1142 1779 si
1165 1754 1233 1780 me
1257 1739 1308 1780 ab
1325 1754 1374 1780 eo
1392 1755 1485 1797 per-

107 1802 199 1844 misi
223 1801 429 1849 osculari,
448 1810 490 1843 ει
513 1817 584 1844 vos
601 1803 790 1845 maxillas
815 1802 1024 1859 praebere⁶
1052 1804 1304 1860 dignemini3
1330 1805 1361 1845 si
1381 1805 1483 1846 ami-

107 1882 205 1910 cum
223 1867 482 1924 proditorem
507 1868 649 1909 vocavi
667 1899 678 1916 ,
707 1876 749 1909 et
776 1883 846 1909 vos
873 1868 1054 1909 amicum
1081 1868 1299 1910 inimicum
1336 1884 1484 1912 vocare

107 1948 194 1976 non
217 1933 502 1989 dedignemini
520 1934 649 1975 corde
665 1941 707 1975 et
726 1948 817 1982 ore,
840 1933 934 1990 quia
954 1952 968 1971 α
986 1934 1076 1976 Non
1100 1943 1163 1976 est
1185 1950 1328 1977 servus
1351 1936 1487 1992 major

110 1997 362 2041 »Domino⁷.
390 2016 405 2038 ι

169 2064 217 2107 V.
255 2064 308 2106 Et
329 2073 568 2122 postpauca
588 2066 638 2108 de
659 2065 745 2108 filio
762 2065 1034 2123 perditionis⁸
1057 2068 1245 2108 dolorem
1263 2070 1490 2112 ostendens

111 2138 154 2173 et
171 2130 334 2178 dolens,
352 2130 544 2171 turbatus
564 2131 685 2173 estin
710 2131 874 2188 spiritu,
896 2139 938 2173 et
959 2132 1236 2174 conturbatus
1259 2133 1315 2174 ait
1330 2149 1338 2174 ε
1352 2152 1364 2171 α
1378 2135 1492 2176 Unus

115 2203 331 2237 »vestrum
359 2210 426 2236 me
447 2195 629 2237 iradet9.
659 2216 675 2234 n
697 2196 788 2239 Oh!
811 2205 1014 2253 quantum
1042 2197 1176 2239 doluit
1207 2197 1412 2239 Dominus
1440 2201 1492 2242 ‹le

115 2259 331 2317 Discipulo
348 2259 516 2317 perdito
540 2261 549 2301 l
572 2260 663 2303 Oh!
699 2271 905 2318 quantum
928 2262 1089 2304 studuit
1111 2277 1208 2304 eum
1232 2264 1284 2304 ad
1306 2278 1349 2305 se
1371 2279 1488 2306 revo-

168 2363 180 2386 ¹
201 2366 295 2396 Joan.
316 2375 396 2402 x111‚
418 2366 449 2396 5.
463 2382 507 2388 —
524 2363 539 2386 ²
558 2364 640 2396 Ibid.
657 2366 691 2398 6.
717 2384 760 2390 ·——
779 2363 793 2388 3
812 2366 898 2398 Ibid.
923 2377 973 2397 10.
988 2383 1034 2389 —
1052 2363 1067 2387 4
1090 2365 1165 2398 Job.
1182 2376 1262 2408 xxv,
1280 2373 1312 2409 4,
1328 2369 1420 2410 juxta
1440 2382 1497 2410 70.

121 2438 165 2445 --
184 2416 198 2440 5
217 2421 314 2451 Joan.
330 2430 403 2458 xm,
433 2427 486 2458 14.
500 2437 547 2443 —
562 2417 577 2442 6
601 2419 723 2452 Matth.
749 2432 781 2464 v,
802 2423 858 2463 39.
877 2440 924 2446 —
939 2420 954 2444 ⁷
979 2425 1076 2455 Joan.
1095 2432 1171 2465 xm,
1193 2422 1245 2454 16.
1259 2439 1306 2446 —
1321 2419 1336 2444 8
1349 2423 1398 2456 Id.
1415 2436 1498 2469 xvu,

126 2488 183 2508 η.
202 2473 280 2500 -9
296 2476 344 2509 Id.
360 2487 433 2519 xm,
450 2488 507 2511 21,

171 2549 220 2593 (1)
242 2549 322 2582 Cod.
339 2562 476 2582 summa.
497 2568 543 2574 —
561 2551 610 2593 (2)
629 2552 726 2582 Deest
748 2551 897 2581 immunis
919 2550 951 2582 in
971 2550 1043 2584 cod.
1061 2550 1123 2583 Hic
1137 2550 1275 2594 graviter
1291 2561 1398 2585 errare
1413 2553 1500 2587 vide.

124 2611 178 2638 tur
195 2611 316 2644 auctor,
340 2607 554 2651 supponendo
570 2606 704 2639 venialia
723 2613 854 2650 peccata
875 2613 945 2650 post
965 2607 1156 2651 baptismum
1174 2613 1318 2650 perstare
1338 2609 1370 2641 in
1393 2610 1502 2644 infan-

127 2660 213 2694 tibus
228 2661 277 2694 vel
291 2661 386 2695 unius
401 2662 487 2706 diei,
505 2662 592 2706 quod
607 2662 680 2696 fidei
700 2662 864 2695 catholicae
881 2669 1050 2706 repugnat.
