1885 3284
169 256 313 288 SERMo
330 255 472 295 XCVII,
496 253 551 284 DE
570 252 942 284 RECONCILIANDIS
962 253 1307 286 POENITEN'I'IBL'S
1327 257 1396 288 111.
1446 257 1533 304 129

170 323 419 369 occultatur
442 320 476 366 si
502 329 718 369 taceatur.
742 320 796 364 ab
820 337 869 365 eo
889 330 1031 364 tamen
1062 320 1295 366 remittitur
1315 359 1324 375 ‚
1346 323 1378 367 si
1409 322 1534 367 dica-

170 394 266 440 tur!
286 393 504 451 Quoniam
524 406 613 435 non
639 390 822 453 quisque
848 392 982 436 Deum
1004 389 1132 435 docet
1154 391 1392 438 indicando
1417 392 1535 455 quod

170 463 272 510 fecit
290 501 301 519 ‚
327 462 400 509 sed
423 460 629 525 quoniam
652 477 738 505 non
764 478 915 524 parum
941 461 1235 524 propinquare
1254 472 1436 508 conatur
1454 462 1535 515 illi,

170 535 241 580 cui
265 535 308 580 in
327 551 369 579 se
383 531 586 595 displicet
605 567 615 584 ‚
637 530 756 592 quod
772 542 812 576 et
830 531 907 577 illi.
937 552 955 571 <c
981 531 1096 582 Dixi,
1116 532 1281 595 inquit,
1299 532 1540 596 proloquar

172 626 191 646 »ι
215 604 442 650 adversum
469 618 535 646 me
561 600 772 646 delictum
799 618 941 647 meum
968 601 1158 646 Domino
1189 620 1281 648 meo
1299 641 1309 658 ‚
1337 614 1377 648 et
1399 614 1444 648 tu
1474 620 1539 647 re-

174 699 192 717 »
213 675 364 721 misisti
387 673 653 736 impietatem
673 672 818 718 cordis
840 671 984 718 mei¹.»
1004 672 1058 716 Et
1081 689 1168 717 non
1190 684 1429 736 utcumque
1446 689 1543 736 pro-

172 747 342 809 loquar,
370 744 442 790 sed
468 742 672 788 adversus
696 761 787 801 me,
814 743 985 806 inquit,
1010 742 1248 806 proloquar
1276 743 1431 789 delicta
1452 761 1545 790 mea

175 816 379 862 Domino.
421 815 530 860 Haec
555 814 692 859 virtus
718 825 779 859 est
802 814 1075 877 poenitentiae
1095 851 1104 867 ‚
1137 825 1183 859 ut
1213 831 1311 860 cum
1352 814 1546 878 loquitur

174 888 264 951 ipse
282 896 492 950 peccator
510 883 713 929 adversus
730 903 772 930 se
792 922 801 940 ,
832 896 938 930 tunc
963 884 1095 930 faciat
1120 902 1200 948 pro
1224 902 1279 931 se.
1307 885 1413 931 Odit
1433 886 1547 930 enim

175 968 446 1021 peccatorem
478 955 590 1000 Deus
608 991 619 1010 ,
646 972 696 999 ac
720 972 800 1018 per
835 955 923 1000 hoc
947 956 1023 1018 qui
1051 972 1093 1000 se
1126 965 1397 1018 peccatorem
1420 955 1515 1001 odit
1535 992 1546 1006 .

177 1039 290 1074 amat
307 1045 403 1075 eum
429 1030 547 1072 Deus
563 1063 574 1082 ‚
595 1026 697 1089 quia
716 1026 805 1072 hoc
828 1026 949 1084 odit,
968 1025 1087 1089 quod
1113 1027 1242 1073 Deus.

239 1099 314 1145 IV.
359 1099 482 1142 Bono
502 1097 646 1142 animo
665 1107 798 1141 estote
820 1134 832 1152 ,
856 1096 1078 1160 supplices
1103 1096 1212 1153 Dei,
1241 1097 1496 1143 recreamini
1511 1107 1553 1142 et

177 1168 464 1214 consolamini
487 1203 498 1222 ‚
542 1166 711 1211 firmate
749 1166 882 1212 fidem
902 1204 910 1222 ,
948 1165 1098 1226 erigite
1134 1184 1253 1229 spem
1274 1205 1284 1222 ‚
1331 1166 1554 1212 accendite

177 1240 450 1285 charitatem.
482 1236 676 1282 Donabit
700 1237 825 1282 vobis
838 1247 1016 1300 peccata
1036 1239 1113 1300 qui
1133 1249 1314 1283 mortem
1339 1255 1458 1283 suam
1475 1254 1555 1283 no-

178 1309 245 1354 bis
268 1309 449 1354 donavit
473 1307 563 1352 sine
588 1318 784 1369 peccato.
836 1307 934 1352 'Non
969 1308 1224 1370 permittet,
1260 1319 1306 1353 ut
1327 1309 1516 1372 pereatis
1540 1345 1551 1363 ‚

180 1379 257 1442 qui
277 1379 386 1425 mori
405 1377 545 1423 voluit
569 1387 616 1422 ut
638 1378 808 1424 vivatis.
832 1399 851 1418 κ
868 1378 1237 1441 Appropinquate
1264 1379 1353 1424 Deo
1375 1416 1385 1433 ‚
1414 1389 1455 1424 et
1473 1397 1556 1442 ap-

181 1470 201 1492 »
220 1448 454 1512 pinquabit
477 1446 603 1492 vobis
620 1447 652 1493 2.
680 1448 884 1493 Resistite
904 1459 1045 1493 autem
1072 1447 1278 1497 diabolo,
1302 1460 1342 1494 et
1360 1448 1500 1509 fugiet
1533 1467 1554 1494 a

178 1539 199 1562 n
224 1518 395 1565 vobis³‚
423 1539 444 1560 2>
464 1518 726 1563 Mementote
750 1534 824 1563 vos
848 1521 938 1576 ejus
965 1518 1098 1563 leonis
1126 1519 1332 1578 rugientis
1352 1519 1558 1564 dentibus

178 1589 315 1653 eripi3
341 1597 600 1634 mementote
618 1604 693 1632 vos
709 1587 773 1633 illi
792 1589 1033 1652 extorqueri
1052 1626 1062 1641 ,
1083 1589 1159 1652 qui
1188 1606 1260 1634 vos
1282 1590 1324 1634 in
1343 1600 1555 1635 aeternum

179 1660 384 1723 sperabat
401 1675 547 1705 secum
570 1674 696 1721 posse
718 1661 923 1721 torqueri.
964 1659 1158 1705 Auribus
1189 1660 1380 1723 percipit
1406 1662 1555 1706 Domi-

180 1747 260 1776 nus
275 1730 487 1793 lacrymas
510 1740 671 1774 vestras
688 1766 699 1784 ‚
728 1728 936 1775 habitans
957 1730 1000 1774 in
1020 1733 1110 1789 ejus
1131 1730 1405 1793 praesidentis
1423 1731 1556 1777 corde

179 1802 390 1865 pastoris;
410 1803 536 1859 cujus
556 1810 802 1845 mereantur
835 1817 984 1863 preces
1004 1799 1111 1846 fusae
1135 1817 1216 1863 pro
1249 1801 1371 1847 vobis
1391 1839 1401 1858 ‚
1428 1802 1556 1866 quid-

180 1871 288 1936 quid
307 1872 450 1917 minus
469 1869 620 1915 valetis
638 1870 682 1914 in
706 1871 868 1915 vestris.

246 1942 297 1988 V.
341 1941 496 1987 Gaude
527 1941 702 2003 itaque,
747 1940 915 2002 optime
942 1941 1179 1986 antistitum
1201 1979 1212 1997 ,
1245 1943 1451 2005 quoniam
1477 1941 1555 1988 filii

183 2013 273 2069 tui,
308 2029 417 2075 quos
442 2028 521 2075 per
540 2010 824 2070 Evangelium
848 2011 1084 2070 genuisti&
1101 2016 1193 2072 jam
1219 2013 1382 2058 mortui
1398 2024 1548 2071 erant,

182 2094 224 2129 et
243 2083 486 2128 revixerunt
506 2119 516 2139 ,
542 2081 784 2144 perierant,
808 2091 849 2126 et
865 2081 1032 2127 inventi
1056 2093 1156 2128 sunt
1173 2082 1205 2129 5.
1226 2104 1247 2124 >2
1277 2083 1549 2129 Conscinda-

183 2163 256 2199 tur
284 2169 434 2199 saccus
464 2169 643 2208 eorum,
680 2162 722 2196 et
758 2152 1044 2212 accingantur
1070 2152 1265 2199 laetitiass.
1298 2153 1451 2199 Redde
1470 2153 1555 2199 illis

182 2223 332 2287 epulas
346 2222 472 2270 vituli
487 2221 715 2282 saginati73
728 2223 971 2268 eximantur
988 2223 1147 2269 animae
1158 2241 1306 2270 eorum
1324 2223 1378 2269 de
1396 2235 1552 2281 morte,

184 2295 301 2341 oculi
326 2312 474 2341 eorum
500 2312 523 2339 a
548 2294 750 2356 lacrymis
769 2331 779 2349 ‚
807 2293 940 2358 pedes
962 2312 1110 2341 eorum
1144 2313 1166 2340 a
1187 2295 1313 2359 lapsu
1329 2333 1340 2343 .
1371 2306 1421 2340 ut
1455 2296 1555 2359 pla-

185 2377 308 2412 ceant
326 2367 368 2411 in
389 2374 627 2429 conspectu
655 2365 829 2410 Domini
851 2364 895 2410 in
919 2368 1092 2426 regione
1111 2365 1311 2412 vivorum
1327 2365 1361 2412 8.

234 2484 242 2505 ¹
265 2485 343 2515 Psal.
362 2495 464 2526 xxxx,
493 2486 527 2516 5.
547 2501 595 2508 —
615 2481 632 2505 2
648 2482 758 2515 Jacob.
783 2494 828 2523 xv,
851 2484 883 2514 8.
897 2500 942 2506 -—
958 2480 972 2505 3
996 2483 1078 2515 lbid.
1101 2496 1131 2523 7.
1150 2502 1192 2507 —
1211 2482 1225 2505 ⁴
1257 2495 1269 2515 1
1289 2485 1366 2517 Cor.
1382 2495 1424 2521 iv,
1447 2486 1498 2516 ¹5.
1514 2504 1555 2509 —

184 2537 200 2563 ⁵
219 2542 292 2572 Luc.
309 2550 363 2577 xv,
383 2548 436 2577 24.
450 2558 496 2565 —
512 2538 528 2561 ⁶
544 2541 626 2574 Psal.
642 2551 728 2578 xxix,
755 2551 808 2573 12.
829 2557 876 2564 -—
894 2538 907 2561 ⁷
926 2543 1000 2572 Luc.
1016 2552 1068 2577 xv,
1089 2543 1142 2573 23.
1161 2558 1205 2564 —
1224 2537 1240 2561 ⁸
1258 2541 1336 2572 Psal.
1355 2552 1438 2579 cxiv,
1462 2543 1491 2578 8,
1508 2553 1541 2582 9,

350 2661 484 2691 cxxx1
514 2644 598 2692 bis.
1362 2662 1394 2708 9
