<?xml version="1.0" encoding="UTF-8"?>
<!DOCTYPE html PUBLIC "-//W3C//DTD XHTML 1.0 Transitional//EN"
    "http://www.w3.org/TR/xhtml1/DTD/xhtml1-transitional.dtd">
<html xmlns="http://www.w3.org/1999/xhtml" xml:lang="en" lang="en">
 <head>
  <title>
</title>
<meta http-equiv="Content-Type" content="text/html;charset=utf-8" />
  <meta name='ocr-system' content='tesseract 3.04.00' />
  <meta name='ocr-capabilities' content='ocr_page ocr_carea ocr_par ocr_line ocrx_word'/>
</head>
<body>
  <div class='ocr_page' id='page_1' title='image "./p2operaomniaaccu24auguuoft_0030.png"; bbox 0 0 1885 3284; ppageno 0'>
   <div class='ocr_carea' id='block_1_1' title="bbox 371 333 1341 368">
    <p class='ocr_par' dir='ltr' id='par_1_1' title="bbox 371 333 1341 368">
     <span class='ocr_line' id='line_1_1' title="bbox 371 333 1341 368; baseline 0 0"><span class='ocrx_word' id='word_1_1' title='bbox 371 336 430 368; x_wconf 78' lang='lat'>20</span> <span class='ocrx_word' id='word_1_2' title='bbox 779 337 814 368; x_wconf 82' lang='lat' dir='ltr'>S.</span> <span class='ocrx_word' id='word_1_3' title='bbox 858 333 1103 368; x_wconf 63' lang='lat' dir='ltr'><strong>AUGUSI&#39;INI</strong></span> <span class='ocrx_word' id='word_1_4' title='bbox 1139 334 1341 368; x_wconf 78' lang='lat' dir='ltr'>EPISCOPI</span> 
     </span>
    </p>
   </div>
   <div class='ocr_carea' id='block_1_2' title="bbox 365 400 1762 2530">
    <p class='ocr_par' dir='ltr' id='par_1_2' title="bbox 365 400 1747 820">
     <span class='ocr_line' id='line_1_2' title="bbox 373 400 1739 465; baseline 0.002 -18"><span class='ocrx_word' id='word_1_5' title='bbox 373 401 645 448; x_wconf 87' lang='lat' dir='ltr'>miseratione</span> <span class='ocrx_word' id='word_1_6' title='bbox 684 400 888 465; x_wconf 80' lang='lat' dir='ltr'>perduxit</span> <span class='ocrx_word' id='word_1_7' title='bbox 906 439 915 456; x_wconf 87' lang='lat'>‚</span> <span class='ocrx_word' id='word_1_8' title='bbox 949 411 990 447; x_wconf 87' lang='lat' dir='ltr'>et</span> <span class='ocrx_word' id='word_1_9' title='bbox 1027 400 1207 446; x_wconf 79' lang='lat' dir='ltr'>donavit</span> <span class='ocrx_word' id='word_1_10' title='bbox 1238 402 1364 448; x_wconf 84' lang='lat' dir='ltr'>nobis</span> <span class='ocrx_word' id='word_1_11' title='bbox 1390 403 1475 448; x_wconf 85' lang='lat' dir='ltr'>hoc</span> <span class='ocrx_word' id='word_1_12' title='bbox 1501 404 1739 464; x_wconf 78' lang='lat' dir='ltr'>gaudium,</span> 
     </span>
     <span class='ocr_line' id='line_1_3' title="bbox 368 471 1743 537; baseline 0 -19"><span class='ocrx_word' id='word_1_13' title='bbox 368 471 489 537; x_wconf 90' lang='lat' dir='ltr'>quod</span> <span class='ocrx_word' id='word_1_14' title='bbox 507 471 559 518; x_wconf 86' lang='lat' dir='ltr'>dc</span> <span class='ocrx_word' id='word_1_15' title='bbox 583 481 737 517; x_wconf 89' lang='lat' dir='ltr'>mutuo</span> <span class='ocrx_word' id='word_1_16' title='bbox 751 471 937 519; x_wconf 88' lang='lat' dir='ltr'>invicem</span> <span class='ocrx_word' id='word_1_17' title='bbox 958 471 1175 518; x_wconf 85' lang='lat' dir='ltr'>habemus</span> <span class='ocrx_word' id='word_1_18' title='bbox 1185 473 1354 520; x_wconf 86' lang='lat' dir='ltr'>affectu.</span> <span class='ocrx_word' id='word_1_19' title='bbox 1383 474 1431 519; x_wconf 90' lang='lat' dir='ltr'>In</span> <span class='ocrx_word' id='word_1_20' title='bbox 1446 477 1571 534; x_wconf 86' lang='lat' dir='ltr'>cujus</span> <span class='ocrx_word' id='word_1_21' title='bbox 1586 492 1660 520; x_wconf 84' lang='lat' dir='ltr'>vos</span> <span class='ocrx_word' id='word_1_22' title='bbox 1678 489 1693 535; x_wconf 46' lang='lat' dir='ltr'>1,x</span> <span class='ocrx_word' id='word_1_23' title='bbox 1707 492 1717 520; x_wconf 86' lang='grc' dir='ltr'>ι</span> <span class='ocrx_word' id='word_1_24' title='bbox 1731 475 1743 530; x_wconf 54' lang='grc' dir='ltr'>ἶ,</span> 
     </span>
     <span class='ocr_line' id='line_1_4' title="bbox 368 541 1745 606; baseline 0.001 -16"><span class='ocrx_word' id='word_1_25' title='bbox 368 561 470 604; x_wconf 86' lang='lat' dir='ltr'>ergo</span> <span class='ocrx_word' id='word_1_26' title='bbox 495 542 669 589; x_wconf 83' lang='lat' dir='ltr'>nomine</span> <span class='ocrx_word' id='word_1_27' title='bbox 694 543 932 590; x_wconf 84' lang='lat' dir='ltr'>salutamus</span> <span class='ocrx_word' id='word_1_28' title='bbox 956 580 966 596; x_wconf 93' lang='lat'>‚</span> <span class='ocrx_word' id='word_1_29' title='bbox 1000 543 1093 606; x_wconf 84' lang='lat' dir='ltr'>ipse</span> <span class='ocrx_word' id='word_1_30' title='bbox 1126 541 1256 589; x_wconf 88' lang='lat' dir='ltr'>debet</span> <span class='ocrx_word' id='word_1_31' title='bbox 1293 562 1379 590; x_wconf 88' lang='lat' dir='ltr'>esse</span> <span class='ocrx_word' id='word_1_32' title='bbox 1423 556 1576 591; x_wconf 81' lang='lat' dir='ltr'>auctor</span> <span class='ocrx_word' id='word_1_33' title='bbox 1609 546 1745 591; x_wconf 87' lang='lat' dir='ltr'>nostri</span> 
     </span>
     <span class='ocr_line' id='line_1_5' title="bbox 367 613 1747 680; baseline 0.001 -20"><span class='ocrx_word' id='word_1_34' title='bbox 367 613 605 671; x_wconf 83' lang='lat' dir='ltr'>se1·moniS‚</span> <span class='ocrx_word' id='word_1_35' title='bbox 637 613 714 678; x_wconf 90' lang='lat' dir='ltr'>qui</span> <span class='ocrx_word' id='word_1_36' title='bbox 744 624 806 660; x_wconf 88' lang='lat' dir='ltr'>est</span> <span class='ocrx_word' id='word_1_37' title='bbox 841 614 1020 675; x_wconf 86' lang='lat' dir='ltr'>largitor</span> <span class='ocrx_word' id='word_1_38' title='bbox 1045 624 1204 660; x_wconf 80' lang='lat' dir='ltr'>nostrae</span> <span class='ocrx_word' id='word_1_39' title='bbox 1229 614 1392 663; x_wconf 86' lang='lat' dir='ltr'>salutis.</span> <span class='ocrx_word' id='word_1_40' title='bbox 1435 617 1546 662; x_wconf 86' lang='lat' dir='ltr'>Nam</span> <span class='ocrx_word' id='word_1_41' title='bbox 1582 615 1636 662; x_wconf 88' lang='lat' dir='ltr'>de</span> <span class='ocrx_word' id='word_1_42' title='bbox 1659 633 1747 680; x_wconf 89' lang='lat' dir='ltr'>quo</span> 
     </span>
     <span class='ocr_line' id='line_1_6' title="bbox 368 683 1746 750; baseline 0.002 -19"><span class='ocrx_word' id='word_1_43' title='bbox 368 685 452 731; x_wconf 87' lang='lat' dir='ltr'>alio</span> <span class='ocrx_word' id='word_1_44' title='bbox 472 684 705 749; x_wconf 83' lang='lat' dir='ltr'>loquamur</span> <span class='ocrx_word' id='word_1_45' title='bbox 729 685 883 743; x_wconf 84' lang='lat' dir='ltr'>vobis,</span> <span class='ocrx_word' id='word_1_46' title='bbox 910 685 992 732; x_wconf 84' lang='lat' dir='ltr'>nisi</span> <span class='ocrx_word' id='word_1_47' title='bbox 1012 684 1066 731; x_wconf 91' lang='lat' dir='ltr'>de</span> <span class='ocrx_word' id='word_1_48' title='bbox 1083 683 1159 731; x_wconf 92' lang='lat' dir='ltr'>illo</span> <span class='ocrx_word' id='word_1_49' title='bbox 1179 721 1190 741; x_wconf 84' lang='grc'><em>,</em></span> <span class='ocrx_word' id='word_1_50' title='bbox 1223 703 1298 750; x_wconf 82' lang='lat' dir='ltr'>qul</span> <span class='ocrx_word' id='word_1_51' title='bbox 1318 686 1451 732; x_wconf 90' lang='lat' dir='ltr'>modo</span> <span class='ocrx_word' id='word_1_52' title='bbox 1476 704 1522 733; x_wconf 88' lang='lat' dir='ltr'>ex</span> <span class='ocrx_word' id='word_1_53' title='bbox 1552 687 1746 749; x_wconf 89' lang='lat' dir='ltr'>Evange-</span> 
     </span>
     <span class='ocr_line' id='line_1_7' title="bbox 365 755 892 820; baseline 0.002 -18"><span class='ocrx_word' id='word_1_54' title='bbox 365 756 424 802; x_wconf 95' lang='lat' dir='ltr'>lio</span> <span class='ocrx_word' id='word_1_55' title='bbox 445 755 711 820; x_wconf 80' lang='lat' dir='ltr'>loquebatur</span> <span class='ocrx_word' id='word_1_56' title='bbox 735 756 892 803; x_wconf 65' lang='lat' dir='ltr'>vobis?</span> 
     </span>
    </p>

    <p class='ocr_par' dir='ltr' id='par_1_3' title="bbox 365 827 1762 2530">
     <span class='ocr_line' id='line_1_8' title="bbox 431 827 1749 892; baseline 0.002 -20"><span class='ocrx_word' id='word_1_57' title='bbox 431 828 490 874; x_wconf 88' lang='grc' dir='ltr'>ΙΙ.</span> <span class='ocrx_word' id='word_1_58' title='bbox 533 827 770 874; x_wconf 82' lang='lat' dir='ltr'>Zacharias</span> <span class='ocrx_word' id='word_1_59' title='bbox 794 828 943 892; x_wconf 86' lang='lat' dir='ltr'>itaque</span> <span class='ocrx_word' id='word_1_60' title='bbox 966 827 1168 874; x_wconf 79' lang='lat' dir='ltr'>sacerdos</span> <span class='ocrx_word' id='word_1_61' title='bbox 1202 828 1278 873; x_wconf 90' lang='lat' dir='ltr'>Dei</span> <span class='ocrx_word' id='word_1_62' title='bbox 1314 845 1510 875; x_wconf 87' lang='lat' dir='ltr'>summus</span> <span class='ocrx_word' id='word_1_63' title='bbox 1530 867 1540 885; x_wconf 80' lang='grc'><em>,</em></span> <span class='ocrx_word' id='word_1_64' title='bbox 1582 847 1683 877; x_wconf 89' lang='lat' dir='ltr'>cum</span> <span class='ocrx_word' id='word_1_65' title='bbox 1704 830 1749 876; x_wconf 91' lang='lat' dir='ltr'>in</span> 
     </span>
     <span class='ocr_line' id='line_1_9' title="bbox 365 897 1750 960; baseline 0.004 -17"><span class='ocrx_word' id='word_1_66' title='bbox 365 897 519 944; x_wconf 83' lang='lat' dir='ltr'>ordine</span> <span class='ocrx_word' id='word_1_67' title='bbox 543 898 650 944; x_wconf 81' lang='lat' dir='ltr'>vicis</span> <span class='ocrx_word' id='word_1_68' title='bbox 670 915 761 944; x_wconf 82' lang='lat' dir='ltr'>suae</span> <span class='ocrx_word' id='word_1_69' title='bbox 780 898 1021 945; x_wconf 88' lang='lat' dir='ltr'>sacerdotio</span> <span class='ocrx_word' id='word_1_70' title='bbox 1041 899 1310 960; x_wconf 81' lang='lat' dir='ltr'>fungeretur,</span> <span class='ocrx_word' id='word_1_71' title='bbox 1332 899 1512 946; x_wconf 86' lang='lat' dir='ltr'>intravit</span> <span class='ocrx_word' id='word_1_72' title='bbox 1531 901 1574 947; x_wconf 90' lang='lat' dir='ltr'>in</span> <span class='ocrx_word' id='word_1_73' title='bbox 1592 903 1750 948; x_wconf 86' lang='lat' dir='ltr'>Sancta</span> 
     </span>
     <span class='ocr_line' id='line_1_10' title="bbox 365 969 1751 1035; baseline 0.003 -20"><span class='ocrx_word' id='word_1_74' title='bbox 365 980 630 1016; x_wconf 86' lang='lat' dir='ltr'>sanctorum.</span> <span class='ocrx_word' id='word_1_75' title='bbox 656 971 709 1015; x_wconf 79' lang='lat' dir='ltr'>Et</span> <span class='ocrx_word' id='word_1_76' title='bbox 737 969 931 1035; x_wconf 90' lang='lat' dir='ltr'>populus</span> <span class='ocrx_word' id='word_1_77' title='bbox 952 971 1219 1034; x_wconf 84' lang='lat' dir='ltr'>sequebatur</span> <span class='ocrx_word' id='word_1_78' title='bbox 1231 988 1330 1017; x_wconf 90' lang='lat' dir='ltr'>eum</span> <span class='ocrx_word' id='word_1_79' title='bbox 1349 1008 1359 1026; x_wconf 84' lang='lat'>‚</span> <span class='ocrx_word' id='word_1_80' title='bbox 1385 982 1434 1017; x_wconf 89' lang='lat' dir='ltr'>ut</span> <span class='ocrx_word' id='word_1_81' title='bbox 1457 972 1645 1018; x_wconf 88' lang='lat' dir='ltr'>cumillo</span> <span class='ocrx_word' id='word_1_82' title='bbox 1664 974 1751 1019; x_wconf 91' lang='lat' dir='ltr'>Do·</span> 
     </span>
     <span class='ocr_line' id='line_1_11' title="bbox 365 1041 1749 1107; baseline 0.002 -20"><span class='ocrx_word' id='word_1_83' title='bbox 365 1041 532 1087; x_wconf 88' lang='lat' dir='ltr'>minum</span> <span class='ocrx_word' id='word_1_84' title='bbox 560 1052 734 1087; x_wconf 85' lang='lat' dir='ltr'>orarent</span> <span class='ocrx_word' id='word_1_85' title='bbox 755 1042 800 1088; x_wconf 90' lang='lat' dir='ltr'>in</span> <span class='ocrx_word' id='word_1_86' title='bbox 825 1041 1008 1106; x_wconf 87' lang='lat' dir='ltr'>templo.</span> <span class='ocrx_word' id='word_1_87' title='bbox 1035 1045 1239 1107; x_wconf 90' lang='lat' dir='ltr'>Cumque</span> <span class='ocrx_word' id='word_1_88' title='bbox 1275 1043 1406 1090; x_wconf 85' lang='lat' dir='ltr'>sacris</span> <span class='ocrx_word' id='word_1_89' title='bbox 1440 1043 1653 1090; x_wconf 83' lang='lat' dir='ltr'>altaribus</span> <span class='ocrx_word' id='word_1_90' title='bbox 1681 1061 1749 1090; x_wconf 88' lang='lat' dir='ltr'>as-</span> 
     </span>
     <span class='ocr_line' id='line_1_12' title="bbox 365 1111 1754 1177; baseline 0.001 -19"><span class='ocrx_word' id='word_1_91' title='bbox 365 1111 516 1158; x_wconf 82' lang='lat' dir='ltr'>sistens</span> <span class='ocrx_word' id='word_1_92' title='bbox 537 1113 629 1158; x_wconf 92' lang='lat' dir='ltr'>Deo</span> <span class='ocrx_word' id='word_1_93' title='bbox 650 1130 831 1159; x_wconf 86' lang='lat' dir='ltr'>munera</span> <span class='ocrx_word' id='word_1_94' title='bbox 856 1113 1039 1160; x_wconf 89' lang='lat' dir='ltr'>devotus</span> <span class='ocrx_word' id='word_1_95' title='bbox 1065 1114 1267 1170; x_wconf 84' lang='lat' dir='ltr'>offerret,</span> <span class='ocrx_word' id='word_1_96' title='bbox 1295 1114 1504 1177; x_wconf 84' lang='lat' dir='ltr'>apparuit</span> <span class='ocrx_word' id='word_1_97' title='bbox 1525 1114 1588 1160; x_wconf 89' lang='lat' dir='ltr'>illi</span> <span class='ocrx_word' id='word_1_98' title='bbox 1614 1116 1754 1175; x_wconf 84' lang='lat' dir='ltr'>Ange-</span> 
     </span>
     <span class='ocr_line' id='line_1_13' title="bbox 365 1183 1751 1249; baseline 0.002 -20"><span class='ocrx_word' id='word_1_99' title='bbox 365 1183 432 1230; x_wconf 90' lang='lat' dir='ltr'>lus</span> <span class='ocrx_word' id='word_1_100' title='bbox 456 1183 630 1230; x_wconf 87' lang='lat' dir='ltr'>Domini</span> <span class='ocrx_word' id='word_1_101' title='bbox 651 1195 768 1231; x_wconf 83' lang='lat' dir='ltr'>stans</span> <span class='ocrx_word' id='word_1_102' title='bbox 795 1202 818 1230; x_wconf 89' lang='lat' dir='ltr'>a</span> <span class='ocrx_word' id='word_1_103' title='bbox 845 1184 1004 1231; x_wconf 80' lang='lat' dir='ltr'>dextris</span> <span class='ocrx_word' id='word_1_104' title='bbox 1025 1184 1170 1230; x_wconf 85' lang='lat' dir='ltr'>altaris</span> <span class='ocrx_word' id='word_1_105' title='bbox 1198 1184 1243 1231; x_wconf 85' lang='lat' dir='ltr'>in</span> <span class='ocrx_word' id='word_1_106' title='bbox 1271 1184 1345 1230; x_wconf 87' lang='lat' dir='ltr'>illa</span> <span class='ocrx_word' id='word_1_107' title='bbox 1376 1185 1483 1231; x_wconf 88' lang='lat' dir='ltr'>hora</span> <span class='ocrx_word' id='word_1_108' title='bbox 1522 1186 1751 1249; x_wconf 85' lang='lat' dir='ltr'>supplica-</span> 
     </span>
     <span class='ocr_line' id='line_1_14' title="bbox 365 1254 1750 1319; baseline 0.001 -19"><span class='ocrx_word' id='word_1_109' title='bbox 365 1254 508 1301; x_wconf 82' lang='lat' dir='ltr'>tionis.</span> <span class='ocrx_word' id='word_1_110' title='bbox 538 1255 742 1319; x_wconf 88' lang='lat' dir='ltr'>Cumque</span> <span class='ocrx_word' id='word_1_111' title='bbox 769 1255 1032 1310; x_wconf 86' lang='lat' dir='ltr'>Zacharias,</span> <span class='ocrx_word' id='word_1_112' title='bbox 1058 1255 1149 1301; x_wconf 89' lang='lat' dir='ltr'>viso</span> <span class='ocrx_word' id='word_1_113' title='bbox 1172 1271 1249 1309; x_wconf 87' lang='lat' dir='ltr'>eo,</span> <span class='ocrx_word' id='word_1_114' title='bbox 1279 1254 1515 1302; x_wconf 88' lang='lat' dir='ltr'>formidine</span> <span class='ocrx_word' id='word_1_115' title='bbox 1544 1257 1750 1303; x_wconf 89' lang='lat' dir='ltr'>turbare·-</span> 
     </span>
     <span class='ocr_line' id='line_1_15' title="bbox 366 1325 1753 1386; baseline 0.001 -14"><span class='ocrx_word' id='word_1_116' title='bbox 366 1337 468 1380; x_wconf 88' lang='lat' dir='ltr'>tur;</span> <span class='ocrx_word' id='word_1_117' title='bbox 495 1327 553 1372; x_wconf 86' lang='lat' dir='ltr'>ait</span> <span class='ocrx_word' id='word_1_118' title='bbox 587 1326 648 1372; x_wconf 90' lang='lat' dir='ltr'>illi</span> <span class='ocrx_word' id='word_1_119' title='bbox 687 1325 876 1386; x_wconf 84' lang='lat' dir='ltr'>Angelus</span> <span class='ocrx_word' id='word_1_120' title='bbox 901 1343 911 1371; x_wconf 71' lang='grc' dir='ltr'><strong>ε</strong></span> <span class='ocrx_word' id='word_1_121' title='bbox 940 1327 1039 1372; x_wconf 85' lang='lat' dir='ltr'>«Ne</span> <span class='ocrx_word' id='word_1_122' title='bbox 1064 1326 1216 1372; x_wconf 88' lang='lat' dir='ltr'>timeas</span> <span class='ocrx_word' id='word_1_123' title='bbox 1237 1363 1247 1382; x_wconf 89' lang='lat'>‚</span> <span class='ocrx_word' id='word_1_124' title='bbox 1272 1326 1489 1372; x_wconf 83' lang='lat' dir='ltr'>Zacharia</span> <span class='ocrx_word' id='word_1_125' title='bbox 1508 1362 1519 1384; x_wconf 89' lang='lat'><strong><em>‚</em></strong></span> <span class='ocrx_word' id='word_1_126' title='bbox 1553 1327 1753 1374; x_wconf 86' lang='lat' dir='ltr'>exaudita</span> 
     </span>
     <span class='ocr_line' id='line_1_16' title="bbox 365 1395 1748 1461; baseline 0.004 -22"><span class='ocrx_word' id='word_1_127' title='bbox 365 1419 384 1439; x_wconf 88' lang='lat'>»</span> <span class='ocrx_word' id='word_1_128' title='bbox 409 1407 473 1443; x_wconf 85' lang='lat' dir='ltr'>est</span> <span class='ocrx_word' id='word_1_129' title='bbox 494 1397 746 1461; x_wconf 82' lang='lat' dir='ltr'>deprecatio</span> <span class='ocrx_word' id='word_1_130' title='bbox 778 1407 875 1450; x_wconf 90' lang='lat' dir='ltr'>tua;</span> <span class='ocrx_word' id='word_1_131' title='bbox 903 1413 1002 1443; x_wconf 89' lang='lat' dir='ltr'>ecce</span> <span class='ocrx_word' id='word_1_132' title='bbox 1027 1397 1144 1442; x_wconf 90' lang='lat' dir='ltr'>enim</span> <span class='ocrx_word' id='word_1_133' title='bbox 1172 1395 1400 1443; x_wconf 82' lang='lat' dir='ltr'>Elisabeth</span> <span class='ocrx_word' id='word_1_134' title='bbox 1425 1414 1531 1444; x_wconf 87' lang='lat' dir='ltr'>uxor</span> <span class='ocrx_word' id='word_1_135' title='bbox 1549 1409 1621 1444; x_wconf 86' lang='lat' dir='ltr'>tua</span> <span class='ocrx_word' id='word_1_136' title='bbox 1642 1415 1748 1444; x_wconf 75' lang='lat' dir='ltr'>con-</span> 
     </span>
     <span class='ocr_line' id='line_1_17' title="bbox 369 1466 1754 1532; baseline 0.004 -22"><span class='ocrx_word' id='word_1_137' title='bbox 369 1490 390 1510; x_wconf 87' lang='lat'>»</span> <span class='ocrx_word' id='word_1_138' title='bbox 415 1467 580 1532; x_wconf 78' lang='lat' dir='ltr'>cipiet,</span> <span class='ocrx_word' id='word_1_139' title='bbox 614 1478 655 1514; x_wconf 90' lang='lat' dir='ltr'>et</span> <span class='ocrx_word' id='word_1_140' title='bbox 684 1467 825 1531; x_wconf 87' lang='lat' dir='ltr'>pariet</span> <span class='ocrx_word' id='word_1_141' title='bbox 863 1466 946 1512; x_wconf 85' lang='lat' dir='ltr'>tibi</span> <span class='ocrx_word' id='word_1_142' title='bbox 982 1466 1124 1512; x_wconf 89' lang='lat' dir='ltr'>filium</span> <span class='ocrx_word' id='word_1_143' title='bbox 1149 1503 1160 1523; x_wconf 82' lang='lat'>‚</span> <span class='ocrx_word' id='word_1_144' title='bbox 1190 1476 1232 1512; x_wconf 88' lang='lat' dir='ltr'>et</span> <span class='ocrx_word' id='word_1_145' title='bbox 1252 1467 1432 1514; x_wconf 87' lang='lat' dir='ltr'>vocabis</span> <span class='ocrx_word' id='word_1_146' title='bbox 1464 1486 1623 1514; x_wconf 88' lang='lat' dir='ltr'>nomen</span> <span class='ocrx_word' id='word_1_147' title='bbox 1663 1472 1754 1529; x_wconf 86' lang='lat' dir='ltr'>ejus</span> 
     </span>
     <span class='ocr_line' id='line_1_18' title="bbox 371 1537 1757 1602; baseline 0.003 -21"><span class='ocrx_word' id='word_1_148' title='bbox 371 1543 635 1586; x_wconf 53' lang='lat' dir='ltr'>»Joannenn</span> <span class='ocrx_word' id='word_1_149' title='bbox 668 1540 724 1584; x_wconf 87' lang='lat' dir='ltr'>Et</span> <span class='ocrx_word' id='word_1_150' title='bbox 756 1538 992 1585; x_wconf 83' lang='lat' dir='ltr'>Zacharias</span> <span class='ocrx_word' id='word_1_151' title='bbox 1022 1537 1248 1602; x_wconf 84' lang='lat' dir='ltr'>respondit</span> <span class='ocrx_word' id='word_1_152' title='bbox 1277 1555 1287 1583; x_wconf 75' lang='grc' dir='ltr'><strong>ε</strong></span> <span class='ocrx_word' id='word_1_153' title='bbox 1316 1537 1442 1585; x_wconf 81' lang='lat' dir='ltr'>Unde</span> <span class='ocrx_word' id='word_1_154' title='bbox 1477 1539 1564 1585; x_wconf 92' lang='lat' dir='ltr'>hoc</span> <span class='ocrx_word' id='word_1_155' title='bbox 1602 1539 1713 1585; x_wconf 88' lang='lat' dir='ltr'>mihi</span> <span class='ocrx_word' id='word_1_156' title='bbox 1740 1543 1757 1585; x_wconf 69' lang='grc' dir='ltr'>Ρ</span> 
     </span>
     <span class='ocr_line' id='line_1_19' title="bbox 375 1609 1755 1674; baseline 0.002 -21"><span class='ocrx_word' id='word_1_157' title='bbox 375 1632 395 1654; x_wconf 83' lang='lat'>))</span> <span class='ocrx_word' id='word_1_158' title='bbox 416 1612 508 1672; x_wconf 78' lang='lat' dir='ltr'>Ego</span> <span class='ocrx_word' id='word_1_159' title='bbox 534 1627 626 1657; x_wconf 73' lang='lat' dir='ltr'>sun]</span> <span class='ocrx_word' id='word_1_160' title='bbox 661 1628 783 1656; x_wconf 76' lang='lat' dir='ltr'>senex</span> <span class='ocrx_word' id='word_1_161' title='bbox 807 1647 816 1667; x_wconf 89' lang='lat'>‚</span> <span class='ocrx_word' id='word_1_162' title='bbox 846 1620 888 1656; x_wconf 87' lang='lat' dir='ltr'>et</span> <span class='ocrx_word' id='word_1_163' title='bbox 912 1626 1018 1656; x_wconf 88' lang='lat' dir='ltr'>uxor</span> <span class='ocrx_word' id='word_1_164' title='bbox 1055 1627 1147 1655; x_wconf 88' lang='lat' dir='ltr'>mea</span> <span class='ocrx_word' id='word_1_165' title='bbox 1170 1609 1324 1656; x_wconf 85' lang='lat' dir='ltr'>sterilis</span> <span class='ocrx_word' id='word_1_166' title='bbox 1340 1646 1351 1665; x_wconf 70' lang='lat'><em>‚</em></span> <span class='ocrx_word' id='word_1_167' title='bbox 1390 1620 1431 1656; x_wconf 86' lang='lat' dir='ltr'>et</span> <span class='ocrx_word' id='word_1_168' title='bbox 1470 1611 1684 1674; x_wconf 85' lang='lat' dir='ltr'>processit</span> <span class='ocrx_word' id='word_1_169' title='bbox 1710 1611 1755 1657; x_wconf 88' lang='lat' dir='ltr'>in</span> 
     </span>
     <span class='ocr_line' id='line_1_20' title="bbox 377 1681 1758 1742; baseline 0.002 -17"><span class='ocrx_word' id='word_1_170' title='bbox 377 1682 574 1728; x_wconf 82' lang='lat' dir='ltr'>»diebus</span> <span class='ocrx_word' id='word_1_171' title='bbox 606 1681 736 1727; x_wconf 80' lang='lat' dir='ltr'>suis1.</span> <span class='ocrx_word' id='word_1_172' title='bbox 764 1703 784 1724; x_wconf 88' lang='lat'>»</span> <span class='ocrx_word' id='word_1_173' title='bbox 815 1681 1006 1742; x_wconf 77' lang='lat' dir='ltr'>Angelus</span> <span class='ocrx_word' id='word_1_174' title='bbox 1033 1699 1055 1727; x_wconf 89' lang='lat' dir='ltr'>a</span> <span class='ocrx_word' id='word_1_175' title='bbox 1083 1681 1275 1727; x_wconf 90' lang='lat' dir='ltr'>Domino</span> <span class='ocrx_word' id='word_1_176' title='bbox 1314 1681 1523 1729; x_wconf 85' lang='lat' dir='ltr'>mittitur.</span> <span class='ocrx_word' id='word_1_177' title='bbox 1570 1682 1758 1728; x_wconf 81' lang='lat' dir='ltr'>Nuntiat</span> 
     </span>
     <span class='ocr_line' id='line_1_21' title="bbox 374 1752 1757 1817; baseline -0.001 -16"><span class='ocrx_word' id='word_1_178' title='bbox 374 1753 605 1802; x_wconf 82' lang='lat' dir='ltr'>Zachariae</span> <span class='ocrx_word' id='word_1_179' title='bbox 620 1752 758 1799; x_wconf 85' lang='lat' dir='ltr'>filium</span> <span class='ocrx_word' id='word_1_180' title='bbox 772 1752 1043 1799; x_wconf 85' lang='lat' dir='ltr'>nasciturum</span> <span class='ocrx_word' id='word_1_181' title='bbox 1059 1790 1069 1809; x_wconf 77' lang='grc'><em>,</em></span> <span class='ocrx_word' id='word_1_182' title='bbox 1094 1763 1136 1799; x_wconf 89' lang='lat' dir='ltr'>et</span> <span class='ocrx_word' id='word_1_183' title='bbox 1156 1752 1227 1798; x_wconf 91' lang='lat' dir='ltr'>ille</span> <span class='ocrx_word' id='word_1_184' title='bbox 1247 1770 1289 1799; x_wconf 88' lang='lat' dir='ltr'>se</span> <span class='ocrx_word' id='word_1_185' title='bbox 1301 1769 1511 1817; x_wconf 87' lang='lat' dir='ltr'>suamque</span> <span class='ocrx_word' id='word_1_186' title='bbox 1529 1758 1757 1814; x_wconf 84' lang='lat' dir='ltr'>conjugem</span> 
     </span>
     <span class='ocr_line' id='line_1_22' title="bbox 376 1823 1758 1888; baseline -0.001 -15"><span class='ocrx_word' id='word_1_187' title='bbox 376 1827 513 1873; x_wconf 85' lang='lat' dir='ltr'>sciens</span> <span class='ocrx_word' id='word_1_188' title='bbox 539 1835 666 1870; x_wconf 62' lang='lat' dir='ltr'>{etate</span> <span class='ocrx_word' id='word_1_189' title='bbox 685 1835 916 1888; x_wconf 81' lang='lat' dir='ltr'>provectos</span> <span class='ocrx_word' id='word_1_190' title='bbox 942 1861 951 1870; x_wconf 87' lang='lat'><em>.</em></span> <span class='ocrx_word' id='word_1_191' title='bbox 990 1823 1167 1870; x_wconf 83' lang='lat' dir='ltr'>dubitat</span> <span class='ocrx_word' id='word_1_192' title='bbox 1205 1842 1292 1870; x_wconf 84' lang='lat' dir='ltr'>esse</span> <span class='ocrx_word' id='word_1_193' title='bbox 1328 1823 1546 1872; x_wconf 84' lang='lat' dir='ltr'>futurum.</span> <span class='ocrx_word' id='word_1_194' title='bbox 1579 1827 1634 1871; x_wconf 93' lang='lat' dir='ltr'>Et</span> <span class='ocrx_word' id='word_1_195' title='bbox 1659 1842 1758 1872; x_wconf 83' lang='lat' dir='ltr'>curn</span> 
     </span>
     <span class='ocr_line' id='line_1_23' title="bbox 378 1894 1760 1960; baseline -0.002 -17"><span class='ocrx_word' id='word_1_196' title='bbox 378 1897 466 1943; x_wconf 87' lang='lat' dir='ltr'>hoc</span> <span class='ocrx_word' id='word_1_197' title='bbox 483 1906 610 1957; x_wconf 85' lang='lat' dir='ltr'>negat</span> <span class='ocrx_word' id='word_1_198' title='bbox 636 1896 754 1942; x_wconf 76' lang='lat' dir='ltr'>aetati</span> <span class='ocrx_word' id='word_1_199' title='bbox 778 1933 788 1952; x_wconf 72' lang='grc'><em>,</em></span> <span class='ocrx_word' id='word_1_200' title='bbox 816 1913 905 1941; x_wconf 88' lang='lat' dir='ltr'>non</span> <span class='ocrx_word' id='word_1_201' title='bbox 930 1894 1119 1941; x_wconf 86' lang='lat' dir='ltr'>credidit</span> <span class='ocrx_word' id='word_1_202' title='bbox 1141 1895 1379 1955; x_wconf 78' lang='lat' dir='ltr'>majestati3</span> <span class='ocrx_word' id='word_1_203' title='bbox 1405 1895 1569 1941; x_wconf 82' lang='lat' dir='ltr'>oblitus</span> <span class='ocrx_word' id='word_1_204' title='bbox 1591 1896 1760 1960; x_wconf 88' lang='lat' dir='ltr'>quippe</span> 
     </span>
     <span class='ocr_line' id='line_1_24' title="bbox 379 1964 1756 2031; baseline -0.002 -16"><span class='ocrx_word' id='word_1_205' title='bbox 379 1968 493 2016; x_wconf 87' lang='lat' dir='ltr'>nihil</span> <span class='ocrx_word' id='word_1_206' title='bbox 516 1966 788 2031; x_wconf 84' lang='lat' dir='ltr'>impossibile</span> <span class='ocrx_word' id='word_1_207' title='bbox 814 1968 921 2012; x_wconf 90' lang='lat' dir='ltr'>Deo.</span> <span class='ocrx_word' id='word_1_208' title='bbox 954 1964 1038 2011; x_wconf 89' lang='lat' dir='ltr'>Cui</span> <span class='ocrx_word' id='word_1_209' title='bbox 1079 1965 1269 2026; x_wconf 87' lang='lat' dir='ltr'>Angelus</span> <span class='ocrx_word' id='word_1_210' title='bbox 1314 1966 1541 2029; x_wconf 85' lang='lat' dir='ltr'>respondit</span> <span class='ocrx_word' id='word_1_211' title='bbox 1577 1965 1756 2012; x_wconf 86' lang='lat' dir='ltr'>dicens:</span> 
     </span>
     <span class='ocr_line' id='line_1_25' title="bbox 380 2036 1760 2101; baseline 0.001 -19"><span class='ocrx_word' id='word_1_212' title='bbox 380 2063 398 2082; x_wconf 84' lang='lat'>«</span> <span class='ocrx_word' id='word_1_213' title='bbox 422 2039 642 2098; x_wconf 82' lang='lat' dir='ltr'>Quoniam</span> <span class='ocrx_word' id='word_1_214' title='bbox 666 2055 752 2084; x_wconf 84' lang='lat' dir='ltr'>non</span> <span class='ocrx_word' id='word_1_215' title='bbox 779 2036 1004 2084; x_wconf 87' lang='lat' dir='ltr'>credidisti</span> <span class='ocrx_word' id='word_1_216' title='bbox 1028 2037 1172 2083; x_wconf 85' lang='lat' dir='ltr'>verbis</span> <span class='ocrx_word' id='word_1_217' title='bbox 1200 2037 1304 2083; x_wconf 88' lang='lat' dir='ltr'>meis</span> <span class='ocrx_word' id='word_1_218' title='bbox 1326 2075 1336 2094; x_wconf 84' lang='lat'><strong><em>‚</em></strong></span> <span class='ocrx_word' id='word_1_219' title='bbox 1364 2054 1464 2101; x_wconf 82' lang='lat' dir='ltr'>quae</span> <span class='ocrx_word' id='word_1_220' title='bbox 1502 2037 1760 2101; x_wconf 84' lang='lat' dir='ltr'>implebun-</span> 
     </span>
     <span class='ocr_line' id='line_1_26' title="bbox 379 2107 1759 2173; baseline -0.003 -15"><span class='ocrx_word' id='word_1_221' title='bbox 379 2136 399 2157; x_wconf 73' lang='lat' dir='ltr'>D</span> <span class='ocrx_word' id='word_1_222' title='bbox 425 2123 494 2158; x_wconf 84' lang='lat' dir='ltr'>tur</span> <span class='ocrx_word' id='word_1_223' title='bbox 519 2111 778 2173; x_wconf 86' lang='lat' dir='ltr'>intempore</span> <span class='ocrx_word' id='word_1_224' title='bbox 795 2125 898 2165; x_wconf 86' lang='lat' dir='ltr'>suo,</span> <span class='ocrx_word' id='word_1_225' title='bbox 917 2125 1017 2154; x_wconf 89' lang='lat' dir='ltr'>ecce</span> <span class='ocrx_word' id='word_1_226' title='bbox 1039 2107 1120 2154; x_wconf 90' lang='lat' dir='ltr'>eris</span> <span class='ocrx_word' id='word_1_227' title='bbox 1139 2119 1287 2154; x_wconf 88' lang='lat' dir='ltr'>mutus</span> <span class='ocrx_word' id='word_1_228' title='bbox 1304 2145 1314 2165; x_wconf 75' lang='lat'><em>‚</em></span> <span class='ocrx_word' id='word_1_229' title='bbox 1336 2125 1415 2154; x_wconf 86' lang='lat' dir='ltr'>nec</span> <span class='ocrx_word' id='word_1_230' title='bbox 1438 2107 1559 2172; x_wconf 88' lang='lat' dir='ltr'>loqui</span> <span class='ocrx_word' id='word_1_231' title='bbox 1580 2109 1759 2172; x_wconf 81' lang='lat' dir='ltr'>poteris,</span> 
     </span>
     <span class='ocr_line' id='line_1_27' title="bbox 379 2179 1761 2246; baseline -0.004 -15"><span class='ocrx_word' id='word_1_232' title='bbox 379 2209 402 2230; x_wconf 65' lang='lat' dir='ltr'>a&gt;</span> <span class='ocrx_word' id='word_1_233' title='bbox 418 2184 556 2231; x_wconf 86' lang='lat' dir='ltr'>donec</span> <span class='ocrx_word' id='word_1_234' title='bbox 577 2181 814 2246; x_wconf 84' lang='lat' dir='ltr'>impleatur</span> <span class='ocrx_word' id='word_1_235' title='bbox 831 2180 1015 2227; x_wconf 83' lang='lat' dir='ltr'>verbum</span> <span class='ocrx_word' id='word_1_236' title='bbox 1030 2179 1185 2227; x_wconf 77' lang='lat' dir='ltr'>Dei2.»</span> <span class='ocrx_word' id='word_1_237' title='bbox 1207 2179 1326 2236; x_wconf 84' lang='lat' dir='ltr'>Quid</span> <span class='ocrx_word' id='word_1_238' title='bbox 1349 2190 1553 2243; x_wconf 81' lang='lat' dir='ltr'>putamus</span> <span class='ocrx_word' id='word_1_239' title='bbox 1569 2180 1637 2242; x_wconf 74' lang='lat'>(2)</span> <span class='ocrx_word' id='word_1_240' title='bbox 1652 2215 1660 2231; x_wconf 82' lang='lat'><em>‚</em></span> <span class='ocrx_word' id='word_1_241' title='bbox 1678 2179 1761 2225; x_wconf 84' lang='lat' dir='ltr'>fra-</span> 
     </span>
     <span class='ocr_line' id='line_1_28' title="bbox 384 2250 1761 2316; baseline -0.005 -13"><span class='ocrx_word' id='word_1_242' title='bbox 384 2269 466 2304; x_wconf 86' lang='lat' dir='ltr'>tres</span> <span class='ocrx_word' id='word_1_243' title='bbox 516 2252 790 2301; x_wconf 69' lang='lat' dir='ltr'>charissimis&gt;</span> <span class='ocrx_word' id='word_1_244' title='bbox 828 2251 932 2316; x_wconf 90' lang='lat' dir='ltr'>quia</span> <span class='ocrx_word' id='word_1_245' title='bbox 974 2250 1173 2297; x_wconf 84' lang='lat' dir='ltr'>sacerdos</span> <span class='ocrx_word' id='word_1_246' title='bbox 1205 2250 1276 2297; x_wconf 91' lang='lat' dir='ltr'>ille</span> <span class='ocrx_word' id='word_1_247' title='bbox 1316 2251 1416 2297; x_wconf 88' lang='lat' dir='ltr'>ideo</span> <span class='ocrx_word' id='word_1_248' title='bbox 1445 2252 1681 2297; x_wconf 69' lang='lat' dir='ltr'>intraverat</span> <span class='ocrx_word' id='word_1_249' title='bbox 1717 2251 1761 2296; x_wconf 89' lang='lat' dir='ltr'>in</span> 
     </span>
     <span class='ocr_line' id='line_1_29' title="bbox 384 2320 1753 2386; baseline -0.005 -12"><span class='ocrx_word' id='word_1_250' title='bbox 384 2328 546 2375; x_wconf 85' lang='lat' dir='ltr'>Sancta</span> <span class='ocrx_word' id='word_1_251' title='bbox 574 2334 844 2379; x_wconf 81' lang='lat' dir='ltr'>sanctorum,</span> <span class='ocrx_word' id='word_1_252' title='bbox 863 2332 912 2368; x_wconf 87' lang='lat' dir='ltr'>ut</span> <span class='ocrx_word' id='word_1_253' title='bbox 932 2320 1046 2367; x_wconf 87' lang='lat' dir='ltr'>filius</span> <span class='ocrx_word' id='word_1_254' title='bbox 1064 2332 1318 2386; x_wconf 83' lang='lat' dir='ltr'>precaretur</span> <span class='ocrx_word' id='word_1_255' title='bbox 1335 2340 1358 2368; x_wconf 85' lang='lat' dir='ltr'>a</span> <span class='ocrx_word' id='word_1_256' title='bbox 1377 2322 1597 2368; x_wconf 64' lang='lat' dir='ltr'>Domino?</span> <span class='ocrx_word' id='word_1_257' title='bbox 1614 2321 1753 2368; x_wconf 76' lang='lat' dir='ltr'>Absit.</span> 
     </span>
     <span class='ocr_line' id='line_1_30' title="bbox 384 2391 1762 2459; baseline -0.006 -14"><span class='ocrx_word' id='word_1_258' title='bbox 384 2398 503 2446; x_wconf 88' lang='lat' dir='ltr'>Dicit</span> <span class='ocrx_word' id='word_1_259' title='bbox 526 2393 681 2459; x_wconf 85' lang='lat' dir='ltr'>aliquis</span> <span class='ocrx_word' id='word_1_260' title='bbox 695 2432 706 2452; x_wconf 84' lang='lat'><strong>,</strong></span> <span class='ocrx_word' id='word_1_261' title='bbox 730 2392 848 2440; x_wconf 88' lang='lat' dir='ltr'>unde</span> <span class='ocrx_word' id='word_1_262' title='bbox 866 2391 955 2439; x_wconf 91' lang='lat' dir='ltr'>hoc</span> <span class='ocrx_word' id='word_1_263' title='bbox 973 2393 1171 2456; x_wconf 68' lang='lat' dir='ltr'>probas?</span> <span class='ocrx_word' id='word_1_264' title='bbox 1189 2392 1334 2440; x_wconf 87' lang='lat' dir='ltr'>Unum</span> <span class='ocrx_word' id='word_1_265' title='bbox 1354 2403 1415 2440; x_wconf 91' lang='lat' dir='ltr'>est</span> <span class='ocrx_word' id='word_1_266' title='bbox 1436 2392 1557 2457; x_wconf 89' lang='lat' dir='ltr'>quod</span> <span class='ocrx_word' id='word_1_267' title='bbox 1572 2392 1762 2438; x_wconf 83' lang='lat' dir='ltr'>breviter</span> 
     </span>
     <span class='ocr_line' id='line_1_31' title="bbox 383 2462 1760 2530; baseline -0.006 -13"><span class='ocrx_word' id='word_1_268' title='bbox 383 2470 497 2517; x_wconf 88' lang='lat' dir='ltr'>dico.</span> <span class='ocrx_word' id='word_1_269' title='bbox 524 2466 569 2512; x_wconf 82' lang='lat' dir='ltr'>Si</span> <span class='ocrx_word' id='word_1_270' title='bbox 586 2465 778 2530; x_wconf 84' lang='lat' dir='ltr'>petiisset</span> <span class='ocrx_word' id='word_1_271' title='bbox 793 2462 936 2511; x_wconf 89' lang='lat' dir='ltr'>filium</span> <span class='ocrx_word' id='word_1_272' title='bbox 959 2498 971 2519; x_wconf 87' lang='lat'>‚</span> <span class='ocrx_word' id='word_1_273' title='bbox 997 2462 1193 2511; x_wconf 87' lang='lat' dir='ltr'>crederet</span> <span class='ocrx_word' id='word_1_274' title='bbox 1210 2465 1532 2511; x_wconf 85' lang='lat' dir='ltr'>annuntiatum.</span> <span class='ocrx_word' id='word_1_275' title='bbox 1574 2462 1760 2524; x_wconf 79' lang='lat' dir='ltr'>Angelus</span> 
     </span>
    </p>
   </div>
   <div class='ocr_carea' id='block_1_3' title="bbox 432 2579 1046 2626">
    <p class='ocr_par' dir='ltr' id='par_1_4' title="bbox 432 2579 1046 2626">
     <span class='ocr_line' id='line_1_32' title="bbox 432 2579 1046 2626; baseline -0.01 -7"><span class='ocrx_word' id='word_1_276' title='bbox 432 2589 576 2626; x_wconf 81' lang='lat' dir='ltr'>¹1.uc.1‚</span> <span class='ocrx_word' id='word_1_277' title='bbox 592 2579 868 2615; x_wconf 73' lang='lat' dir='ltr'>8-18.—21bid.</span> <span class='ocrx_word' id='word_1_278' title='bbox 886 2592 927 2623; x_wconf 87' lang='lat'>19</span> <span class='ocrx_word' id='word_1_279' title='bbox 945 2586 977 2614; x_wconf 84' lang='lat' dir='ltr'>et</span> <span class='ocrx_word' id='word_1_280' title='bbox 994 2592 1046 2613; x_wconf 64' lang='grc' dir='ltr'>πο.</span> 
     </span>
    </p>
   </div>
   <div class='ocr_carea' id='block_1_4' title="bbox 382 2651 1758 2750">
    <p class='ocr_par' dir='ltr' id='par_1_5' title="bbox 382 2651 1758 2750">
     <span class='ocr_line' id='line_1_33' title="bbox 431 2651 1758 2704; baseline -0.005 -14"><span class='ocrx_word' id='word_1_281' title='bbox 431 2656 485 2704; x_wconf 79' lang='lat' dir='ltr'>(x)</span> <span class='ocrx_word' id='word_1_282' title='bbox 506 2654 572 2689; x_wconf 77' lang='lat' dir='ltr'>Cod</span> <span class='ocrx_word' id='word_1_283' title='bbox 611 2653 694 2686; x_wconf 74' lang='lat' dir='ltr'>male</span> <span class='ocrx_word' id='word_1_284' title='bbox 718 2654 750 2685; x_wconf 79' lang='lat' dir='ltr'>in</span> <span class='ocrx_word' id='word_1_285' title='bbox 768 2652 905 2696; x_wconf 73' lang='lat' dir='ltr'>cujusvis</span> <span class='ocrx_word' id='word_1_286' title='bbox 930 2664 1008 2697; x_wconf 75' lang='lat' dir='ltr'>ergo</span> <span class='ocrx_word' id='word_1_287' title='bbox 1029 2652 1161 2684; x_wconf 78' lang='lat' dir='ltr'>nomine</span> <span class='ocrx_word' id='word_1_288' title='bbox 1183 2663 1258 2688; x_wconf 77' lang='lat' dir='ltr'>vos.</span> <span class='ocrx_word' id='word_1_289' title='bbox 1277 2669 1322 2676; x_wconf 79' lang='lat'>——</span> <span class='ocrx_word' id='word_1_290' title='bbox 1351 2651 1393 2693; x_wconf 68' lang='lat' dir='ltr'>(2ss</span> <span class='ocrx_word' id='word_1_291' title='bbox 1425 2651 1509 2683; x_wconf 62' lang='lat' dir='ltr'>vide</span> <span class='ocrx_word' id='word_1_292' title='bbox 1525 2653 1627 2685; x_wconf 65' lang='grc' dir='ltr'>δεῖται,</span> <span class='ocrx_word' id='word_1_293' title='bbox 1647 2663 1758 2683; x_wconf 64' lang='lat' dir='ltr'>cuci.</span> 
     </span>
     <span class='ocr_line' id='line_1_34' title="bbox 382 2717 465 2750; baseline -0.024 -1"><span class='ocrx_word' id='word_1_294' title='bbox 382 2728 414 2750; x_wconf 85' lang='lat' dir='ltr'>n.</span> <span class='ocrx_word' id='word_1_295' title='bbox 435 2717 465 2748; x_wconf 87' lang='lat'>3.</span> 
     </span>
    </p>
   </div>
  </div>
 </body>
</html>
