1868 3301
210 312 338 344 mmm
374 311 429 343 nn
467 311 774 345 COMPASSIONE
811 314 853 345 B.
895 313 1047 345 MARIAE
1083 315 1300 347 vinemis.
1373 296 1466 362 [475

99 378 231 435 Major
253 379 332 422 illis
354 387 440 421 erat
466 378 585 420 dolor
606 379 656 420 (le
681 380 818 422 Matris
843 381 1008 428 dolore,
1033 397 1156 437 quam
1192 381 1328 423 suerat
1347 379 1465 437 prius

99 445 151 487 de
168 443 552 501 Dominipassione.
571 444 751 485 Flebant
776 445 901 502 igitur
924 447 1065 488 cuncti
1088 447 1209 488 anxio
1237 446 1380 488 dolore
1401 458 1471 500 ge*

98 519 279 558 mentes;
307 518 349 552 et
370 510 428 552 sie
450 510 678 553 Dominum
701 510 810 559 vitaz,
835 511 979 553 mortis
1001 514 1225 569 sepulturae
1244 513 1464 554 dederunt.

97 575 272 633 Sepulto
283 575 480 624 Domino,
497 576 628 618 Mater
646 578 886 632 sepulcrum
906 576 1173 633 amplectitur
1191 576 1305 618 omni
1323 576 1467 624 corde,

96 648 137 684 et
159 656 238 698 qua
265 650 430 699 poterat
460 657 564 684 voce
594 642 875 684 benedicebat
897 643 1052 684 Filium
1081 657 1206 685 suum
1230 651 1315 684 tam
1337 641 1471 685 dilec-

97 714 200 750 tum.
227 706 292 749 Ad
315 709 559 764 sepulcrum
581 708 754 756 sedens,
786 708 926 750 innixa
956 708 1041 755 illi,
1070 708 1324 750 extendebat
1345 707 1470 749 desu-

94 786 170 830 per
190 787 338 815 manus
360 787 479 821 suas,
503 772 607 814 illud
635 774 851 821 osculans,
878 773 1104 816 Dominum
1129 787 1271 817 amaro
1292 771 1471 815 nimium

92 837 263 894 plorans
284 838 483 895 singultu.

152 902 226 946 lX.
265 903 455 946 Accessit
478 900 692 953 Joaimes‚
718 903 786 945 cui
813 918 905 946 eam
927 902 1049 946 Jesus
1071 870 1472 950 commendaverat,

93 975 136 1011 et
155 969 304 1025 lugens
324 977 367 1010 et
388 968 477 1026 ipse
498 970 710 1016 multum,
735 984 815 1011 nec
839 985 881 1012 se
903 977 1067 1026 poterat
1091 968 1332 1017 continere,
1351 981 1472 1009 eam-

93 1033 189 1076 dem
213 1035 428 1091 lugentem
457 1050 479 1076 a
502 1042 613 1077 terra
641 1036 819 1082 levavit;
846 1050 941 1077 nam
970 1043 1188 1078 cruentata
1219 1032 1471 1092 gemitibus.

93 1098 262 1157 fatigata
285 1100 526 1148 doloribus,
547 1100 785 1158 ploratibus
803 1101 957 1143 afflicta
982 1116 1029 1143 ac
1055 1100 1199 1150 anxia,
1230 1101 1274 1142 in
1296 1097 1473 1157 pedihus

94 1178 138 1207 se
157 1179 242 1206 non
263 1174 429 1221 poterat
451 1165 686 1209 continere.
722 1168 898 1216 Tamen,
927 1166 1037 1208 sicut
1062 1173 1242 1223 poterat,
1268 1180 1289 1206 a
1321 1162 1474 1206 sanctis

95 1229 346 1273 mulieribus
377 1230 544 1287 adjuta,
576 1231 741 1274 cunctis
774 1232 1035 1288 plorantibus
1066 1230 1212 1278 simul,
1240 1228 1476 1272 Jerusalem

94 1294 328 1352 ingreditur
351 1296 558 1338 dolorosa.
587 1297 725 1348 Quam
746 1297 927 1340 soeininae
952 1297 1095 1338 multae
1116 1296 1324 1342 videntes,
1347 1301 1474 1338 motae

95 1360 250 1417 pietate
285 1376 412 1418 super
444 1363 610 1404 dolores
644 1363 753 1404 illins
775 1397 786 1412 ,
831 1364 884 1404 ad
918 1364 1081 1404 luctum
1116 1360 1477 1404 convertebantur

96 1438 314 1473 amarum3
338 1434 380 1468 et
405 1426 572 1468 illarum
596 1428 790 1482 quzedam
815 1427 1078 1468 ambulantes
1097 1435 1192 1483 post
1213 1425 1325 1468 illam
1349 1424 1476 1467 etiam

91 1491 434 1535 lamentabantur
465 1493 676 1548 plorantes
702 1507 711 1532 ε
747 1491 971 1548 plorabant
998 1493 1142 1532 multae
1165 1506 1258 1546 quae
1282 1490 1474 1531 adhaere—

94 1556 200 1601 bant
226 1558 285 1613 (1)
312 1557 473 1605 Marife3
503 1571 601 1598 nam
625 1558 747 1598 dolor
772 1556 864 1612 ejus
887 1558 1042 1598 multos
1068 1556 1250 1598 faciebat
1268 1557 1473 1603 dolentes,

96 1622 356 1679 quicumque
378 1623 578 1665 videbant
600 1638 692 1664 eam
717 1623 1083 1679 plorantem.Tam
1107 1623 1175 1679 pie
1196 1622 1407 1679 plorabat,
1431 1629 1478 1664 ut

96 1687 164 1729 vix
191 1696 332 1745 posset
365 1689 424 1744 (2)
452 1689 660 1744 lacrymas
688 1689 934 1737 continere,
967 1696 1009 1730 et
1037 1697 1177 1730 tamen
1197 1702 1337 1729 amare
1359 1687 1478 1729 dole-

98 1752 170 1797 bat
187 1786 196 1802 ,
215 1753 332 1808 quod
351 1768 399 1794 ex
423 1768 499 1794 suo
522 1753 590 1810 pio
611 1754 776 1808 ploratu
794 1754 949 1794 multos
966 1753 1092 1794 etiam
1115 1752 1267 1794 invitos
1285 1751 1479 1793 trahebat

99 1819 152 1860 ad
182 1819 361 1861 luctum.
401 1818 550 1860 Flebat
577 1818 743 1866 luctus,
769 1833 1039 1875 quacumque
1074 1817 1203 1860 Maria
1241 1817 1475 1866 transibat;

97 1883 293 1941 plorabat
322 1883 434 1941 ipsa,
469 1883 692 1940 plorabant
725 1884 990 1925 ambulantes
1021 1883 1147 1925 etiam
1180 1897 1277 1925 cum
1300 1883 1477 1931 eadem,

97 1950 321 2007 plorabant
342 1949 462 1991 multi
484 1949 523 1992 ei
544 1950 711 1991 obviam
736 1950 975 1998 venientes;
999 1958 1041 1991 et
1063 1949 1122 1992 sic
1145 1950 1314 2006 plorans
1341 1963 1362 1990 a
1384 1949 1480 2005 plo-

99 2014 291 2058 rantibus
334 2015 528 2064 ducitur,
563 2030 783 2072 quousque
820 2025 1069 2073 perventum
1111 2025 1175 2057 est
1212 2016 1266 2057 ad
1303 2014 1478 2056 domum

99 2079 299 2130 Joannis,
325 2081 393 2124 cui
423 2097 515 2124 eain
538 2081 670 2124 Filius
698 2084 1086 2124 commendaverat.
1117 2080 1182 2122 lbi
1209 2079 1389 2128 resedit,
1415 2079 1480 2136 ip-

100 2160 230 2203 saque
258 2145 301 2188 in
330 2147 459 2189 domo
486 2147 712 2199 remansit3
741 2163 866 2204 quam
894 2146 1080 2188 Joannes
1111 2145 1320 2192 retinens,
1352 2158 1479 2200 supra

101 2210 276 2256 Matrem
311 2213 524 2271 propriam
555 2212 671 2255 omni
701 2215 830 2256 corde
860 2212 1024 2254 amavit.
1059 2210 1236 2268 Sepulto
1266 2209 1475 2259 Domino,

102 2287 431 2322 monumentum
447 2279 657 2336 signatum
681 2287 745 2321 est
767 2294 787 2321 a
808 2278 966 2321 Judaeis
983 2311 994 2327 ,
1015 2286 1056 2319 et
1079 2276 1279 2319 traditum
1300 2284 1363 2318 est
1381 2289 1480 2317 cus·-

102 2343 297 2393 todibus,
322 2353 368 2386 ut
399 2345 502 2386 illud
524 2360 622 2386 cum
645 2344 858 2401 diligentia
883 2343 1161 2386 custodirent.
1192 2341 1371 2383 Interim
1392 2340 1480 2384 Ma-

102 2408 164 2450 ria
187 2409 301 2451 domi
316 2408 490 2451 <Ioannis
514 2410 571 2466 (5)
592 2411 786 2452 dolorosa
807 2410 979 2452 sedebat
1001 2423 1010 2450 :
1030 2408 1206 2450 sedebat
1224 2421 1274 2448 an
1292 2405 1476 2463 jacebat,

105 2473 330 2517 dicemus?
359 2476 591 2533 Utrumque
617 2491 766 2518 secure
799 2490 1023 2534 possumus
1046 2472 1270 2516 affirmare.
1296 2471 1480 2515 sedebat

156 2587 306 2634 (1).Cod,
325 2589 516 2628 adolebant.
528 2608 570 2616 --
585 2587 636 2635 (2)
650 2589 702 2628 Id.
719 2589 782 2624 vix
791 2598 939 2636 poterat,
959 2600 1019 2624 nec
1035 2588 1132 2623 habet
1147 2595 1194 2630 ue.
1208 2603 1253 2615 ·-
1267 2585 1317 2634 (3)
1338 2585 1376 2620 Id
1394 2584 1488 2618 estin

109 2644 205 2678 domo
219 2645 368 2678 Ioannis.
