1885 3284
162 369 305 398 SERMO
327 368 550 408 Lxxxvns,
583 369 627 398 ΙΝ
653 368 811 398 NA'I'ALI
839 369 896 397 SS.
929 367 1084 397 COSMAE
1107 368 1160 397 ET
1190 367 1398 399 DAMmM.
1474 357 1534 418 93

159 432 408 496 percolendi
437 432 550 488 sint,
591 432 661 478 sed
689 432 934 496 specialiter
961 432 1009 477 hi
1046 432 1281 478 venerandi
1324 452 1343 478 a
1376 435 1532 494 nobis,

158 520 346 567 quorum
370 503 575 567 pretiosas
597 503 666 567 (ι)
694 504 894 567 reliquias
912 503 1197 567 possidemus,
1224 503 1295 549 Illi
1327 506 1438 550 mim
1461 524 1537 552 nos

157 574 428 620 orationibus
441 578 618 633 juvant3
638 576 706 620 isti
724 576 852 621 etiam
870 575 1081 636 adjuvant
1095 576 1537 640 praesentia(2),quo-

156 662 254 691 rum
280 645 407 691 nobis
425 646 490 707 (3)
513 645 784 691 familiaritas
804 646 1010 710 quaedam
1032 656 1103 691 est.
1127 646 1309 709 Semper
1323 649 1435 692 enim
1456 666 1537 695 no-

157 716 327 762 hiscum
347 727 448 762 sunt
463 753 472 771 ‚
501 716 731 763 nobiscum
754 729 1005 770 morantur3
1023 716 1112 762 hoc
1130 727 1210 772 est,
1228 728 1267 762 et
1288 719 1327 762 in
1348 735 1535 782 corpore

155 804 234 833 nos
258 787 446 833 viventes
471 798 627 832 curant
644 825 653 841 ,
684 799 725 833 et
751 788 804 834 de
829 805 1012 850 corpore
1031 786 1277 833 recedentes
1289 790 1532 852 excipiunt3

156 857 230 903 hic
251 874 302 903 ne
316 867 597 920 peccatorum
628 875 703 903 nos
722 858 842 904 labes
867 859 932 921 (4)
954 858 1188 904 absumant
1210 896 1220 916 ‚
1241 870 1282 904 et
1306 861 1447 905 morbi
1468 860 1536 906 af-

155 929 331 983 ficiant,
358 928 422 973 ibi
444 945 497 973 ne
520 928 677 974 inferni
715 929 918 974 horrores
942 929 1167 974 invadant.
1203 929 1343 974 Nobis
1377 930 1474 976 ideo
1512 950 1535 977 a

156 999 396 1059 majoribus
412 1036 422 1054 ‚
462 999 550 1045 hoc
587 1011 649 1045 est
680 1000 889 1046 traditum
915 1039 925 1057 ‚
968 1011 1015 1046 ut
1059 1001 1322 1046 Sanctorum
1367 1003 1535 1049 ossibus

153 1081 299 1117 nostra
324 1087 510 1133 corpora
526 1072 739 1116 sociemus
755 1109 764 1126 ‚
792 1082 840 1116 ut
859 1071 966 1116 dum
993 1071 1090 1116 illos
1114 1070 1240 1116 inferi
1260 1082 1420 1117 tartara
1443 1090 1534 1119 me-

156 1152 287 1187 tuunt
315 1140 405 1204 (5),
437 1157 513 1186 nos
542 1156 676 1203 poena
710 1159 798 1186 non
827 1142 1034 1202 attingat3
1073 1158 1174 1187 cum
1210 1141 1413 1188 Christus
1438 1143 1534 1190 illos

152 1211 372 1259 illuminat
393 1250 404 1268 ‚
450 1229 470 1257 a
510 1212 637 1257 nobis
672 1213 950 1258 tenebrarum
977 1212 1118 1272 caligo
1156 1212 1372 1272 diffugiat.
1417 1215 1530 1261 Cum

153 1283 313 1329 sanctis
338 1300 438 1344 ergo
463 1283 734 1346 Martyribus
759 1284 1053 1347 quiescentes,
1076 1283 1304 1328 evadimus
1327 1282 1453 1330 inferi
1474 1297 1534 1331 te-

156 1353 333 1404 nebras,
373 1354 405 1398 si
445 1371 533 1399 non
564 1355 759 1417 propriis
792 1355 980 1412 meritis>
1012 1365 1201 1399 attamen
1234 1356 1439 1401 consortii
1462 1357 1529 1420 (6)

152 1426 392 1471 sanctitate.
420 1427 490 1471 Ait
516 1426 724 1471 Dominus
756 1428 884 1473 Petro
908 1445 918 1472 :
941 1427 1044 1472 «Tu
1063 1443 1105 1471 es
1125 1426 1278 1471 Petrus
1297 1463 1307 1481 ‚
1336 1437 1377 1471 et
1401 1444 1531 1492 super

153 1517 172 1537 »
192 1495 307 1541 hanc
323 1506 488 1559 petram
511 1495 743 1541 aedificabo
768 1497 1005 1543 Ecclesiam
1033 1513 1173 1542 meam
1191 1534 1200 1552 ,
1230 1507 1272 1541 et
1300 1509 1442 1560 portae
1466 1499 1532 1545 in-

154 1589 172 1608 »
189 1565 272 1612 seri
293 1582 382 1612 non
401 1565 709 1629 praevalebunt
727 1566 931 1613 adversus
944 1585 1041 1614 eam
1057 1566 1090 1613 1.
1108 1589 1127 1609 ›>
1148 1567 1196 1613 Si
1221 1584 1322 1628 ergo
1334 1570 1532 1632 apostolo

150 1648 192 1683 et
222 1636 401 1700 martyri
438 1638 569 1682 Petro
598 1635 722 1681 inferi
753 1648 890 1700 portae
916 1655 1003 1682 non
1026 1635 1265 1700 praevalent
1289 1674 1298 1691 ‚
1334 1639 1531 1701 quisquis

150 1709 338 1755 sociatus
368 1707 498 1752 fuerit
519 1707 811 1769 Martyribus,
852 1710 1000 1754 tartari
1027 1707 1173 1768 januis
1213 1724 1301 1752 non
1337 1718 1520 1756 tenetur.

154 1781 362 1843 Martyres
382 1780 495 1824 enim
520 1778 678 1823 inferni
700 1789 840 1842 portae
860 1797 945 1824 non
969 1778 1209 1842 possident,
1227 1778 1434 1841 quoniam
1459 1797 1530 1827 eos

150 1850 484 1907 Paradisiregna
503 1848 762 1911 suscipiunt.
792 1850 901 1895 Nam
918 1849 1116 1895 videmus
1134 1852 1308 1908 eosjam
1331 1866 1520 1909 regnare.

152 1921 382 1966 Cernimus
398 1920 511 1963 enirn
537 1919 592 1963 ab
611 1919 680 1964 his
702 1920 951 1983 frequenter
969 1921 1162 1966 obsessos
1186 1920 1425 1966 immundis
1441 1921 1530 1969 dae-

153 1990 358 2036 monibus
380 1989 581 2034 homines
608 1988 786 2035 liberari
815 1992 912 2054 (7);
938 1992 999 2036 ita
1024 2002 1072 2036 ut
1096 1990 1264 2036 coelesti
1289 1992 1523 2051 medicina,

151 2073 194 2107 et
215 2060 391 2125 captiva
413 2059 556 2105 anima
583 2058 636 2105 de
660 2059 831 2107 diaboli
854 2062 1017 2126 laqueis
1031 2072 1227 2118 eruatur,
1254 2073 1296 2107 et
1317 2064 1409 2126 ipse
1431 2064 1527 2112 dia-

149 2132 279 2178 bolus
298 2131 463 2194 laqueis
487 2131 619 2190 igneis
639 2131 839 2192 alligetur
858 2132 940 2193 (8).
966 2132 1245 2178 producatur
1259 2133 1313 2179 de
1333 2151 1408 2180 sua
1422 2153 1528 2200 cap-

152 2203 321 2249 tivitate
344 2201 569 2265 captivus,
598 2213 645 2247 ut
664 2205 741 2266 qui
761 2203 960 2267 praedam
984 2203 1114 2266 paulo
1156 2215 1255 2250 ante
1294 2217 1522 2269 coeperat,

148 2274 242 2337 ipse
265 2272 483 2319 subdatur
501 2273 546 2317 in
567 2274 734 2336 praeda.
778 2275 888 2322 Haec
925 2286 966 2320 et
991 2274 1073 2320 alia
1106 2277 1279 2338 potiora
1310 2277 1527 2324 mirabilia

150 2362 231 2408 per
252 2345 434 2390 Sanctos
455 2344 550 2389 fieri
574 2345 781 2390 omnibus
799 2357 952 2391 notum
973 2357 1035 2392 est
1058 2383 1068 2401 ,
1097 2363 1175 2391 nec
1204 2358 1372 2393 cessant
1406 2365 1528 2409 agere

149 2432 253 2479 quae
274 2427 510 2476 gesserunt.
538 2415 830 2462 Gestaverunt
862 2416 1122 2463 ferramenta
1139 2455 1149 2473 ‚
1174 2429 1223 2463 ut
1246 2430 1529 2483 amputarent

197 2527 208 2548 ¹
229 2525 344 2557 Matth.
362 2535 432 2563 xvn,
453 2527 506 2556 18.

192 2605 247 2652 (ι)
263 2606 342 2638 Cod.
357 2604 576 2650 perfide5.—
597 2604 647 2649 (2)
660 2604 708 2637 [d.
719 2605 751 2636 in
762 2606 974 2647 passione.--
994 2604 1045 2650 (3)
1061 2606 1109 2640 ld.
1124 2606 1215 2646 cujus
1230 2615 1399 2639 autem.-
1411 2607 1461 2654 (4)
1473 2609 1524 2644 Id,

150 2663 256 2693 labiis.
273 2680 319 2684 —
335 2659 388 2707 (5)
407 2661 456 2695 ld.
479 2662 626 2695 metium.
645 2680 688 2687 —·
710 2659 762 2705 (6)
782 2662 827 2693 Id,
847 2661 1027 2694 consortiis.
1049 2680 1091 2687 --
1111 2659 1160 2705 (7)
1176 2661 1224 2693 Id.
1246 2662 1397 2698 liberare,
1417 2684 1459 2689 -
1474 2663 1526 2710 (8)

149 2718 197 2751 1d.
216 2719 381 2761 alligatur.
