1885 3284
381 363 525 394 senno
560 363 687 398 Lvm,
728 362 782 393 DE
821 362 1098 395 PEN‘rEcos‘rE
1139 361 1220 400 111,
1262 351 1356 392 mc.
1466 341 1551 392 311

187 429 375 489 quamvis
411 427 601 470 Christus
633 428 684 469 sit
716 427 843 491 judex
879 427 1053 471 humani
1096 425 1259 481 generis
1289 459 1297 473 ‚
1337 434 1476 467 tamen
1519 425 1560 468 in'

185 494 393 551 mundum
412 493 581 535 veniens
599 492 734 546 noluit
752 494 866 550 prius
885 492 1078 536 homines
1096 500 1136 532 et
1156 498 1397 547 peccatores
1415 488 1556 540 ferire,

186 562 261 604 sed
296 575 393 617 eum
428 551 753 601 mansuetudine
787 560 1022 606 attrahere;
1053 571 1146 614 quae
1177 555 1456 597 mansuetudo
1489 554 1563 614 per

185 625 495 682 simplicitatem
527 624 813 665 columbinam
850 625 1091 682 designatur
1118 637 1127 663 :
1158 621 1230 662 sed
1258 620 1299 661 in
1331 620 1426 677 igne
1451 615 1561 662 venit

185 690 454 750 hominibus,
480 690 574 746 quia
608 698 782 747 peccata
808 699 946 732 nostra
966 723 976 739 ,
1003 703 1094 745 quae
1124 686 1238 744 prius
1260 687 1466 727 Dominus
1488 687 1563 744 per

185 755 554 813 mansuetudinem
586 756 800 804 toleravit,
837 771 911 797 nos
945 771 1019 813 per
1042 755 1178 795 zelum
1210 752 1474 793 rectitudinis
1505 767 1567 794 ar—

188 823 290 864 dore
317 820 577 879 poenitentioe
606 821 809 862 debemus
839 836 1041 862 cremare.
1073 819 1171 866 Est,
1213 817 1385 865 fratres,
1417 826 1459 859 et
1488 814 1564 873 aliti

186 888 314 943 ratio,
347 887 442 943 quia
472 902 577 943 quos
607 886 787 943 Spiritus
819 896 988 928 sanctus
1017 886 1175 943 replet,
1208 881 1417 939 simplices
1441 892 1482 924 et
1505 898 1567 924 ar-

187 954 334 1005 dentes
368 951 468 1009 facit
494 967 502 992 :
529 952 740 1009 simplices
774 953 954 1004 malitia,
990 952 1063 994 sed
1101 951 1294 993 ardentes
1332 948 1484 990 virtute
1525 952 1566 990 et

188 1019 396 1062 doctrina.
421 1018 520 1060 Ideo
540 1019 596 1060 ait
618 1018 823 1061 Dominus
844 1035 853 1060 :
883 1037 897 1057 ε
918 1019 1062 1060 Estote
1081 1018 1334 1075 prudentes,
1355 1015 1466 1057 sicut
1486 1030 1567 1056 ser-

188 1085 386 1143 »pen'tes,
415 1091 456 1126 et
480 1084 690 1142 simplices
720 1085 829 1127 sicut
850 1084 1100 1127 colombae¹.
1128 1103 1142 1122 ι
1167 1081 1347 1138 Serpens
1369 1089 1432 1123 est
1455 1088 1567 1122 astu-

188 1159 280 1194 tum
300 1149 478 1199 animal,
503 1151 574 1207 qui
597 1150 803 1208 aspiciens
835 1150 1143 1193 incantatorem
1178 1144 1416 1190 venientem
1441 1145 1569 1204 affigit

187 1231 334 1261 aurem
347 1224 483 1264 terrae,
503 1224 542 1257 et
560 1216 682 1258 aliam
702 1218 834 1258 cauda
857 1218 1053 1265 obturat,
1073 1231 1124 1257 ne
1145 1228 1293 1256 vocem
1316 1211 1567 1254 incantantis

188 1281 342 1329 audiat.
365 1280 511 1338 Itaque
533 1296 611 1323 nec
633 1296 807 1339 serpens
824 1281 914 1323 sine
932 1281 1127 1323 columba
1143 1313 1151 1327 ‚
1179 1293 1257 1320 nec
1271 1273 1468 1319 columba
1481 1276 1568 1318 sine

187 1354 383 1402 serpente
395 1346 434 1387 in
448 1346 692 1388 hominibus
704 1362 794 1388 esse
810 1347 950 1394 debet,
970 1355 1179 1402 qnatenus
1191 1352 1232 1385 et
1245 1342 1453 1384 columbae
1469 1341 1571 1382 sim-

187 1411 417 1469 plicitatem
431 1413 689 1468 etserpentis
708 1412 977 1468 prudentiam
994 1412 1260 1452 attendamus
1274 1440 1284 1455 ‚
1302 1416 1343 1448 ct
1367 1405 1571 1463 serpentis

188 1476 383 1519 astutiam
415 1478 627 1518 columbae
655 1476 901 1532 simplicitas
938 1483 1157 1532 temperet.
1189 1472 1360 1529 Septem
1389 1471 1570 1527 denique

188 1542 363 1584 virtutes
385 1542 424 1583 in
448 1543 646 1584 columba
668 1542 846 1599 legimus
863 1575 872 1590 ‚
899 1557 1001 1598 quas
1028 1542 1154 1582 etiam
1189 1539 1363 1580 virtutes
1394 1535 1572 1594 Spiritus

188 1604 359 1658 sanctus
381 1607 422 1648 in
441 1605 638 1648 fidelibus
659 1616 843 1663 generat.
877 1607 1084 1649 Columba
1107 1620 1226 1648 secus
1253 1602 1410 1644 ssuenta
1435 1602 1571 1645 libens

187 1672 370 1720 habitat,
395 1681 462 1721 ut,
489 1672 576 1714 viso
598 1673 892 1730 accipitre,·in
921 1687 1072 1728 aquam
1107 1687 1150 1712 se
1182 1671 1402 1725 immergat
1428 1669 1505 1724 (ι),
1530 1679 1572 1711 et:

189 1739 363 1790 evadat3
384 1752 553 1795 semper
571 1753 698 1793 grana
721 1738 897 1780 meliora
922 1739 1118 1785 devorat,
1153 1735 1308 1776 alienos
1333 1734 1467 1790 pullos
1490 1749 1572 1775 nu-

191 1803 287 1850 trit,
311 1811 446 1844 rostro
470 1818 552 1845 non
576 1805 753 1851 lacerat,
775 1803 869 1845 selle
883 1813 995 1845 caret
1011 1835 1020 1848 ‚
1037 1803 1077 1843 in
1096 1800 1286 1843 cavernis
1300 1788 1505 1846 nidificat,
1530 1802 1571 1841 et

190 1867 342 1925 gemit,
368 1869 467 1909 dum
491 1877 661 1910 cantare
689 1869 910 1910 desiderat.
938 1868 1015 1910 -Sie
1043 1875 1084 1909 et
1106 1865 1299 1923 Apostoli
1323 1879 1444 1906 secus
1469 1864 1570 1906 divi-

190 1947 254 1975 nae
281 1931 508 1989 Scripturae
526 1933 683 1975 fluenta
702 1968 710 1981 ‚
732 1935 884 1990 quibus
918 1934 1046 1975 corda
1069 1947 1217 1974 eorum
1244 1930 1434 1987 rigantur
1455 1930 1571 1971 inha-

191 1998 354 2046 bitant,
390 2006 436 2040 ut
465 2014 612 2040 eorum
652 1999 896 2054 juvamento
928 2013 1146 2055 aggressus
1186 1996 1339 2039 diaboli
1375 1995 1566 2037 evadant.

192 2063 365 2106 Meliora
392 2079 518 2121 grana
547 2067 679 2108 sancti
711 2066 808 2115 viri,
839 2066 908 2122 qui
930 2074 1024 2121 post
1057 2065 1277 2121 Apostolos
1308 2062 1503 2110 fuerunt,
1530 2062 1572 2104 id

193 2137 272 2178 est,
299 2130 492 2172 meliores
517 2132 764 2180 sententias,
800 2147 883 2173 non
912 2131 1154 2179 haereticas,
1193 2129 1344 2185 quibus
1377 2127 1492 2185 pasci
1528 2136 1571 2170 et

193 2210 365 2253 pascere
392 2196 573 2252 possint,
601 2197 774 2255 eligunt.
804 2197 974 2240 Alienos
999 2198 1138 2254 pullos
1157 2229 1167 2245 ‚
1194 2196 1236 2237 id
1266 2203 1344 2242 est,
1377 2193 1571 2236 homines

194 2259 309 2318 prius
345 2276 366 2302 a
392 2261 480 2303 Deo
520 2262 695 2312 alienos,
730 2279 801 2305 sua
830 2263 1022 2305 doctrina
1050 2271 1093 2304 et
1123 2262 1316 2317 exemplo
1350 2260 1564 2302 erudiunt.

194 2325 287 2369 Non
314 2326 500 2369 lacerant
531 2337 689 2378 rostro,
727 2330 822 2386 quia
852 2329 1090 2386 Scripturas
1118 2342 1202 2369 non
1236 2328 1423 2368 lacerant
1450 2340 1567 2368 more

195 2391 506 2435 haereticorum.
548 2394 592 2434 In
631 2396 818 2436 cavernis
850 2404 1066 2452 petrarum
1104 2391 1347 2441 nidificant,
1391 2390 1486 2446 quia
1527 2390 1568 2432 in

197 2455 364 2498 Christo
387 2465 427 2498 et
451 2458 491 2499 in
515 2459 598 2500 suis
621 2460 750 2518 plagis
771 2475 938 2518 semper
960 2460 1142 2517 vigilant.
1173 2457 1389 2501 Gemitum
1410 2457 1569 2499 habent

195 2536 272 2579 pro
290 2532 435 2574 cantu,
455 2524 551 2580 quia
569 2525 678 2568 sicut
699 2524 896 2569 columba
925 2526 965 2568 in
987 2541 1062 2568 suo
1086 2532 1213 2568 cantu
1230 2523 1479 2571 delectatur,
1509 2522 1568 2564 sic

244 2634 257 2658 ¹
274 2634 393 2667 Mauh.
413 2645 446 2672 x,
468 2636 521 2666 16.

247 2714 293 2758 (ι)
314 2715 394 2749 Cod.
414 2723 571 2758 emergat.
