1885 3284
445 336 535 381 ⁶252
714 353 750 382 S·
794 351 1039 383 AUGUSTINI
1077 352 1280 385 EPISCOPI
1319 355 1553 389 APPEEDIX.

446 416 800 473 confortatoriam
814 418 949 460 Mariae
960 418 1187 476 peccatrici
1205 422 1414 479 apparuit3
1435 438 1542 479 quae,
1567 424 1817 474 utdiximus,

446 497 543 524 vere
566 484 780 540 peccatrix
802 493 891 526 erat
907 517 915 533 ,
948 485 988 526 in
1013 494 1175 527 tantum
1206 497 1251 529 ut
1275 489 1446 545 publice
1467 491 1692 547 prostituta
1718 524 1728 541 ‚
1751 491 1822 533 vili

448 558 644 592 contenta
670 551 822 608 pretio,
846 551 986 593 mollia
1023 560 1064 594 et
1092 553 1257 596 sordida
1286 554 1326 595 in
1351 569 1528 613 corpore
1557 573 1690 614 saepe,
1722 557 1823 599 licet

447 629 530 656 non
555 630 721 674 semper
742 625 957 674 pateretur
981 618 1039 674 (1)
1061 651 1070 666 ,
1097 633 1116 659 a
1141 634 1219 676 qna
1253 620 1379 662 etiam
1415 630 1575 679 septem
1613 623 1823 665 daemonia

445 679 673 735 ejecerat¹3
700 690 741 723 et
763 690 902 724 tamen
921 684 1091 740 publice
1124 685 1261 741 primo
1285 685 1342 728 illi
1362 687 1422 743 (2)
1450 688 1655 745 apparuit.
1682 688 1824 730 Voluit

445 745 558 788 Deus
581 761 656 803 per
675 748 895 790 mulierem
919 749 1045 791 vitam
1064 751 1339 800 denuntiare,
1374 752 1483 795 sicut
1505 762 1548 795 et
1575 754 1661 810 ipsa
1686 753 1823 810 primo

447 811 731 855 denuntiatrix
763 814 900 857 extitit
929 816 1089 858 mortis.
1119 816 1290 858 Sciebat
1321 818 1433 860 enim
1472 819 1680 861 Dominus
1709 820 1825 876 quod

445 877 642 920 mulieres
665 888 826 921 secreta
850 881 958 923 male
980 890 1126 924 tenere
1150 891 1356 939 possunt,·
1385 893 1428 926 et
1449 884 1481 926 si
1500 893 1713 927 secretum
1736 893 1822 933 est,

446 957 543 984 mox
564 944 818 1000 praedicatur
850 962 977 1004 super
1007 955 1131 990 tecta.
1167 948 1318 991 Volens
1340 964 1440 1007 ergo
1464 951 1671 992 Dominus
1701 964 1821 992 suam

445 1011 800 1054 resurrectionem
835 1015 920 1057 cito
952 1016 1177 1073 propalare
1197 1048 1207 1064 ,
1254 1016 1478 1058 mulierem
1511 1017 1793 1075 peccatricem
1813 1049 1822 1065 ,

446 1075 531 1133 jam
557 1093 642 1119 non
668 1080 950 1136 peccatricem
973 1083 1325 1140 praeconizantem
1351 1082 1462 1125 fecit.

505 1143 550 1185 V.
590 1144 673 1186 Sed
695 1147 903 1203 numquid
927 1156 969 1189 et
992 1148 1080 1190 haec
1102 1150 1188 1191 sola
1212 1149 1426 1206 peccatrix
1448 1149 1609 1201 extitit,
1642 1149 1709 1191 cui
1745 1148 1826 1190 Do-

445 1209 587 1250 minus
609 1212 832 1267 apparuit?
856 1212 1073 1270 Numquid
1090 1222 1131 1256 et
1153 1214 1300 1256 Petrus
1319 1223 1521 1271 peccator
1541 1230 1626 1256 non
1646 1214 1704 1270 (3)
1726 1213 1826 1256 suit?

447 1274 652 1330 numquid
681 1284 723 1317 et
754 1291 837 1319 non
866 1293 1019 1321 uxores
1044 1280 1187 1336 plures
1216 1288 1312 1322 ante
1333 1279 1627 1337 Apostolatum
1658 1279 1824 1321 habue-

451 1348 516 1382 rat
539 1342 599 1396 (4)
619 1340 637 1382 P
655 1344 864 1400 numquid
882 1360 966 1387 non
991 1350 1033 1387 et
1057 1346 1108 1387 ad
1126 1360 1273 1388 vocem
1303 1346 1462 1388 aneillae
1481 1362 1558 1403 per
1579 1347 1713 1388 Deum
1733 1345 1827 1388 coeli

446 1404 682 1462 juraverat,
707 1410 821 1464 quod
835 1409 980 1452 Jesum
1003 1426 1087 1454 non
1109 1413 1308 1454 noverat²
1325 1412 1562 1469 Pnumquid
1579 1427 1664 1454 non
1687 1420 1729 1454 et
1749 1426 1825 1469 per

446 1471 563 1513 illum
577 1472 810 1530 quiLegem
823 1476 953 1532 Moysi
965 1478 1154 1526 dederat,
1167 1479 1283 1534 quod
1296 1494 1379 1520 non
1393 1487 1565 1520 noverat
1577 1477 1818 1521 hominem?

448 1537 501 1578 Et
518 1546 657 1580 tamen
678 1540 810 1582 tribus
829 1542 946 1584 annis
959 1556 1056 1584 cum
1077 1543 1245 1586 Christo
1266 1544 1352 1601 jam
1366 1553 1550 1587 steterat.
1575 1544 1673 1585 Ideo
1685 1542 1821 1584 Judaei

442 1601 527 1659 jam
551 1605 783 1647 credebant
804 1606 950 1660 Petro,
973 1622 1023 1649 ex
1054 1624 1137 1665 quo
1177 1617 1263 1651 tam
1299 1609 1464 1651 fortiter
1497 1610 1639 1664 jurare
1663 1608 1790 1665 coepit
1811 1623 1822 1657 3

443 1668 539 1711 ideo
562 1669 710 1711 Petrus
730 1671 955 1715 securitate
978 1683 1186 1722 armatus,
1212 1675 1308 1730 quia
1333 1676 1524 1732 negando
1553 1676 1825 1721 clamaverat,

445 1743 493 1777 ut
515 1749 611 1777 eum
631 1751 777 1779 omnes
799 1738 910 1780 bene
928 1739 1154 1789 audirent,
1180 1755 1305 1782 ausus
1327 1740 1408 1782 fuit
1425 1740 1599 1791 intrare,
1626 1740 1700 1781 ubi
1715 1740 1827 1782 Deus

445 1809 549 1843 erat.
572 1801 624 1843 Et
649 1809 749 1843 tunc
772 1803 981 1845 Dominus
1007 1805 1166 1862 aspexit.
1187 1806 1357 1847 Petrum
1379 1838 1389 1854 ,
1416 1806 1543 1847 corde
1562 1804 1639 1862 ipsi
1655 1805 1824 1846 dicens:

458 1866 623 1916 «petre,
637 1868 927 1924 aspiceutrum
938 1885 1005 1912 me
1017 1885 1264 1928 cognoscas;
1283 1886 1366 1913 non
1379 1871 1490 1912 enim
1507 1879 1547 1912 te
1560 1870 1828 1928 negavi‚dum

447 1948 557 1974 esses
579 1933 620 1974 in
644 1934 761 1975 mari.
793 1953 807 1973 ι)
823 1936 872 1977 Et
896 1944 997 1978 tunc
1015 1937 1160 1979 Petrus
1183 1936 1328 1987 exivit,
1347 1945 1388 1979 et
1410 1936 1527 1978 flevit
1549 1935 1727 1978 amare³.
1745 1936 1829 1978 Sed

455 1999 611 2056 gaude,
639 2013 664 2041 o
685 2009 899 2057 peccator,
927 2002 1023 2058 quia
1046 2002 1145 2044 licet
1169 2002 1316 2045 Petrus
1334 2002 1603 2059 peccaverit,
1634 2009 1675 2043 et
1697 2001 1828 2042 multa

446 2066 556 2106 mala
576 2066 862 2115 commiserit,
886 2067 1012 2109 hodie
1028 2076 1170 2110 tamen
1197 2069 1304 2110 inter
1323 2077 1520 2116 caeteros,
1546 2077 1588 2109 et
1612 2082 1738 2124 super
1753 2081 1828 2108 cae-

454 2139 587 2179 teros,
619 2146 640 2172 a
664 2131 879 2175 Salvator-e
914 2133 1156 2175 nominatur
1181 2151 1188 2174 ε
1209 2134 1402 2182 «Dicite,
1439 2133 1576 2190 inquit
1605 2133 1663 2188 (5)
1690 2132 1828 2173 Disci-

455 2197 593 2253 »pulis
616 2206 657 2238 et
672 2198 835 2252 Petr0⁴‚
853 2217 868 2238 n
897 2200 967 2256 qui
993 2209 1119 2257 caput
1152 2208 1216 2242 est
1239 2200 1539 2258 Apostolorum
1557 2232 1567 2248 ,
1595 2199 1712 2256 quod
1742 2212 1828 2240 non

454 2264 648 2321 desperet
671 2265 723 2306 de
749 2274 925 2322 peccato
946 2281 1082 2323 nuper
1101 2267 1342 2309 commisso.

500 2375 509 2396 ¹
529 2377 605 2407 Luc.
622 2386 694 2413 vm,
714 2387 752 2414 23
771 2379 875 2411 Marc.
894 2387 963 2415 xvx,
978 2389 1012 2419 9.
1030 2395 1076 2402 ·—
1089 2376 1104 2400 2
1117 2377 1235 2410 Mauh.
1253 2389 1340 2416 xxvn,
1357 2379 1413 2420 69,
1428 2383 1457 2409 et
1472 2387 1561 2420 seqq.
1580 2394 1625 2401 —-
1639 2373 1654 2399 3
1672 2374 1754 2408 Ibid.
1771 2376 1828 2415 75.

451 2449 495 2455 —
511 2428 525 2453 ⁴
541 2434 642 2463 Marc.
662 2443 730 2471 xvx,
751 2445 779 2472 7.

503 2514 552 2557 (1)
574 2514 653 2547 Cod.
669 2513 867 2556 patiebatur.
880 2533 916 2538 —
939 2514 985 2558 (2)
1006 2515 1041 2546 Id
1074 2516 1144 2548 sibi.
1160 2516 1300 2547 Videtur
1316 2515 1434 2547 oblitus
1449 2521 1560 2548 auctor
1573 2526 1606 2547 se
1623 2515 1718 2558 paulo
1735 2521 1827 2547 antea

459 2571 576 2603 dixisse
597 2570 759 2604 Christum
785 2572 888 2615 primo
905 2578 1020 2604 sanctae
1040 2573 1137 2605 Matri
1156 2572 1398 2615 apparuisse.—
1418 2571 1471 2618 (3)
1489 2575 1582 2604 Deest
1600 2573 1690 2614 juxta
1709 2581 1827 2603 morem

456 2640 521 2660 non
540 2627 573 2660 in
589 2627 675 2670 cod.‚
690 2627 743 2660 hic
760 2633 793 2660 et
808 2627 904 2662 infra.
919 2645 965 2652 —
981 2627 1031 2673 (4)
1049 2630 1124 2660 Haec
1141 2628 1338 2661 calumniose
1355 2628 1440 2661 dicta
1464 2628 1498 2660 in
1514 2633 1658 2660 sanctum
1674 2629 1803 2660 Petrum
1817 2653 1826 2670 ,

459 2692 498 2719 ue
513 2695 579 2729 quo
596 2683 680 2718 nihil
696 2684 759 2719 tale
773 2684 868 2719 nobis
884 2685 1060 2720 transmisit
1074 2692 1159 2721 certa
1172 2686 1315 2722 traditio.
1335 2705 1378 2712 -—
1393 2683 1445 2733 (5)
1463 2686 1514 2721 Id.
1530 2684 1609 2728 quia
1621 2684 1732 2720 divite.
