1868 3301
187 329 330 362 εΕῐιΜο
367 328 525 369 vam,
564 327 611 360 1N
647 328 783 359 FESTo
820 329 855 362 s.
898 326 1020 359 rnTm
1060 325 1116 357 Ao
1153 327 1360 359 vincum.
1428 312 1520 360 363

151 394 239 438 lum
263 395 489 453 repellere,
515 393 549 435 si
573 408 655 436 non
680 395 737 436 vis
757 394 901 451 repelli
921 409 940 436 a
961 393 1415 451 palernaltae1¹editat03
1438 394 1521 436 noli

154 463 368 504 attendere
391 475 556 518 poenam
574 493 583 509 ‚
609 475 731 516 quam
758 460 909 518 pateris
941 460 980 501 in
1011 458 1197 516 flagello,
1224 461 1293 501 sed
1319 474 1442 515 quem
1465 460 1523 501 lo-

153 540 248 568 cum
269 526 309 568 in
328 534 580 568 testamento
602 534 774 581 paterno
797 526 1000 568 obtineas.
1025 523 1066 566 Si
1086 524 1243 566 vexaris
1262 524 1520 572 infirmitate,

152 592 184 634 si
215 591 397 648 gravaris
434 591 684 647 loquacitate
714 591 997 640 inimicorum,
1017 591 1078 631 vel
1099 590 1234 645 inopia
1250 590 1519 647 paupertatis,

150 666 239 700 esto
263 657 304 700 in
328 657 490 699 cunctis
516 658 575 698 vir
597 657 725 699 sortis.
755 657 886 699 Nemo
909 656 1092 712 denique
1119 655 1256 697 bonus
1277 663 1360 704 cst,
1385 655 1461 697 nisi
1480 655 1522 696 in

151 723 333 765 adversis
361 723 412 764 sit
440 722 500 778 (ι)
523 723 707 779 patiens,
733 731 773 764 et
790 723 899 764 malo
923 721 1046 763 suerit
1069 721 1334 778 approbatus.

208 787 280 831 Ill.
306 788 343 830 O
363 796 426 840 tu,
446 788 596 836 bomo,
618 788 688 844 qui
710 787 930 845 impatiens
949 803 1012 836 cs,
1036 787 1141 828 scias
1160 787 1269 843 quod
1291 785 1523 827 misericor-

149 853 261 896 diam
279 868 300 894 a
324 853 414 894 Deo
436 867 517 894 non
541 854 830 910 consequeris,
853 854 885 895 si
914 853 1102 895 irascaris
1126 852 1342 894 reddendo
1364 852 1521 892 malum

148 933 226 976 pro
245 919 368 960 malo.
389 918 573 960 Consule
603 933 718 975 crgo,
745 927 790 961 ut
812 919 864 960 sis
888 919 948 960 vir
970 919 1147 976 patiens,
1167 929 1325 960 etcum
1351 916 1520 974 pateris,

149 983 215 1025 dic
239 998 322 1024 non
347 984 482 1024 solum
498 984 642 1031 corde,
667 984 739 1025 sed
762 992 804 1025 ct
831 998 928 1025 ore:
955 984 1074 1025 ‹Iuste
1094 984 1228 1041 patior
1252 983 1340 1024 baec
1369 990 1411 1023 et
1434 996 1524 1022 ma·-

145 1046 263 1106 jora,
293 1049 388 1106 quia
415 1057 614 1105 peccator
636 1064 727 1090 sum
745 1081 756 1098 ‚
784 1048 815 1090 si
841 1064 922 1090 non
955 1049 995 1090 in
1032 1048 1134 1097 hoc,
1169 1049 1315 1090 saltem
1341 1047 1380 1088 in
1406 1046 1519 1094 aliis,

147 1114 244 1172 qnia
265 1129 372 1172 sirpe
397 1114 582 1171 peccavi.
610 1115 652 1156 Si
675 1130 772 1157 vero
791 1115 870 1156 boc
894 1114 1069 1163 dixeris,
1090 1114 1261 1155 oxnnino
1281 1113 1523 1155 misericor-

147 1178 261 1225 diam
286 1181 553 1238 consequeris
583 1181 632 1221 ab
656 1195 731 1228 co,
761 1181 830 1236 qui
852 1189 947 1237 post
972 1180 1284 1222 tribulationem
1309 1180 1358 1220 ad
1384 1177 1523 1236 pristi-

145 1259 246 1287 num
274 1254 427 1286 statum
449 1254 487 1287 te
511 1245 665 1304 poterit
683 1261 893 1287 revocare.
919 1246 955 1286 Ο
976 1261 1099 1302 quam
1120 1260 1268 1302 magna
1287 1245 1415 1286 virtus
1433 1252 1517 1291 est,

146 1310 179 1351 si
212 1325 294 1352 nou
325 1311 474 1360 laudas,
509 1326 528 1353 a
560 1326 641 1367 quo
669 1312 788 1354 laesus
817 1312 884 1353 es!
915 1326 939 1353 o
964 1327 1090 1368 quam
1121 1326 1269 1368 magua
1307 1309 1463 1367 gloria!
1498 1323 1522 1350 o

144 1390 269 1432 quain
313 1376 518 1432 gloriosus
561 1377 612 1417 de
657 1386 696 1417 te
748 1386 898 1418 cantus
921 1391 1062 1418 coram
1094 1376 1267 1432 Angelis
1290 1375 1392 1423 Dei,
1422 1374 1453 1415 si
1480 1381 1523 1415 tu

146 1440 323 1496 potuisti
346 1455 524 1489 nocere,
548 1449 590 1482 ct
612 1441 772 1497 parcis!
800 1457 822 1481 o
850 1456 975 1497 quam
999 1441 1142 1482 nobile
1167 1441 1359 1481 vindictze
1391 1453 1520 1497 genus

145 1513 208 1547 cst
236 1505 478 1560 ignoscere!
508 1521 532 1546 o
566 1507 766 1562 patientia
790 1507 1083 1563 pmcdicanda,
1119 1521 1210 1562 ‘1¹¹ae
1234 1507 1372 1547 omnia
1398 1505 1524 1546 vincit

146 1571 340 1618 adversa,
366 1585 450 1611 non
475 1571 769 1618 colluctando,
803 1572 875 1612 sed
910 1571 1183 1620 sustinend03
1218 1587 1301 1612 non
1333 1585 1524 1612 murmu-

144 1637 299 1682 raudo,
330 1637 402 1677 sed
435 1635 587 1692 gratias
618 1636 885 1678 exhibendo!
918 1636 1008 1692 Ipsa
1039 1645 1101 1677 est
1130 1651 1222 1691 quae
1255 1636 1365 1677 sures
1395 1636 1522 1678 totius

144 1715 282 1757 prava:
307 1701 531 1741 voluntatis
554 1700 764 1756 astringit;
795 1702 880 1756 ipsa
902 1710 964 1741 est
982 1716 1073 1756 quae
1095 1701 1252 1742 animas
1273 1701 1360 1742 Deo
1383 1700 1519 1757 limpi-

147 1769 218 1810 das
237 1768 392 1809 reddit.
415 1767 523 1809 Nihil
543 1767 746 1823 denique,
768 1766 913 1808 fratres
929 1799 938 1813 ‚
961 1767 1107 1808 fortius
1126 1782 1214 1808 csse
1233 1775 1390 1824 potest,
1413 1768 1520 1810 nihil

143 1834 334 1890 egregius
349 1865 358 1880 ,
383 1833 486 1874 nihil
506 1833 687 1881 beatius,
716 1848 840 1888 quatu
861 1833 1004 1873 audire
1024 1832 1142 1874 noxia
1157 1865 1167 1881 ,
1189 1841 1230 1874 et
1250 1848 1330 1873 non
1352 1848 1521 1890 respon-

144 1899 244 1947 dere
269 1898 504 1946 contr-arim
534 1913 659 1954 (ptam
684 1898 827 1944 audire
851 1898 1088 1949 mortifera,
1111 1906 1151 1940 ct
1180 1899 1432 1954 respondere
1456 1898 1519 1939 vi-

143 1963 277 2010 vifica.
294 1964 331 2007 O
346 1964 503 2014 fideles,
521 1967 784 2007 attendamus
805 1973 848 2007 et
865 1980 939 2006 nos
955 1998 964 2016 ,
985 1980 1081 2006 euni
1106 1965 1176 2022 qui
1199 1965 1260 2022 (2)
1283 1981 1365 2006 nou
1390 1965 1519 2009 habet

143 2046 257 2077 arma
281 2030 546 2073 defensionis.
573 2031 681 2074 Dum
704 2032 815 2073 enim
837 2032 1016 2088 capitur,
1042 2046 1124 2073 non
1149 2031 1348 2073 cornibus
1373 2046 1520 2088 percu-

143 2096 218 2146 tit,
243 2112 326 2139 non
358 2097 554 2139 dentibus
577 2098 765 2146 mordet,
793 2113 876 2139 non
903 2097 1042 2154 sugam
1065 2098 1200 2153 capit,
1227 2098 1298 2139 sed
1322 2097 1516 2139 manibus

141 2163 314 2206 latronis
342 2164 406 2204 vel
430 2163 628 2206 occisoris
651 2164 857 2221 patienter·
885 2163 1139 2218 acquiescit3
1165 2163 1278 2204 nulla
1312 2177 1355 2203 se
1377 2162 1518 2202 reluc-

143 2229 300 2276 tatione
323 2229 508 2272 defendit
529 2244 538 2271 ε
558 2230 617 2272 sic
634 2238 674 2272 et
691 2244 788 2279 nos,
810 2229 954 2272 famuli
974 2227 1128 2270 Christi
1144 2258 1156 2276 ,
1176 2226 1314 2270 facere
1331 2227 1373 2269 in
1391 2241 1519 2270 cunc-

144 2294 197 2337 tis
218 2295 436 2337 dehemus,

202 2358 269 2403 IV.
304 2360 511 2418 Diogenes
531 2359 735 2418 denique,
757 2375 943 2418 paganus
969 2359 1037 2402 ille
1058 2358 1240 2401 famosus
1265 2358 1306 2400 in
1334 2356 1512 2408 cunctis,

144 2437 243 2466 cum
275 2425 458 2468 audisset
479 2426 634 2468 amicos
664 2427 812 2469 dixisse
832 2442 841 2469 :
870 2444 885 2464 (ι
902 2426 965 2468 An
991 2426 1176 2483 ignoras,
1197 2425 1311 2482 quod
1333 2423 1454 2465 multi
1477 2431 1517 2465 te

144 2490 384 2547 vituperant
411 2492 598 2549 undique
618 2491 636 2532 P
658 2493 960 2551 »Respondens
982 2506 1167 2549 paganus
1196 2491 1252 2533 ait
1272 2505 1281 2531 ε
1299 2508 1314 2529 «
1338 2489 1517 2547 Oportet

145 2557 195 2599 ab
225 2556 516 2615 insipientibus
550 2574 658 2617 saepe
690 2559 972 2617 vituperatum
1012 2558 1069 2614 (5)
1113 2556 1321 2615 patienter
1352 2568 1518 2612 semper

193 2641 242 2687 (ι)
262 2643 340 2676 Cod.
359 2644 561 2685 inadver51‘53
579 2645 636 2680 sic.
655 2663 697 2671 —
717 2641 770 2693 (2)
788 2644 836 2678 Id.
853 2643 926 2687 quis
944 2643 1039 2676 enim.
1057 2661 1099 2670 --
1118 2641 1168 2687 (3)
1191 2641 1238 2677 td.
1263 2641 1467 2684 vituperatus
1482 2644 1514 2674 et

147 2698 193 2733 nic
210 2698 372 2745 deinceps.
