1868 3301
111 332 255 363 SERMO
292 330 414 370 Lxxt,
456 330 499 359 ΙΝ
539 329 671 358 FESTO
711 329 894 358 ASSUMP.
939 327 980 358 Β.
1024 326 1175 357 MARIAE
1212 327 1333 357 vtRG.
1394 311 1486 374 377

112 408 179 442 tus
203 412 383 454 namque
407 398 467 452 (ι)
499 396 565 437 ille
585 397 767 436 joannos
795 395 836 435 in
863 401 984 434 utero
1016 393 1159 434 matris
1183 392 1488 439 sanctificatus,

113 473 290 505 matrem
313 462 618 504 sanctissimam
645 461 841 501 habuisse
870 475 951 500 nou
988 459 1245 500 dubitamus.
1275 458 1489 514 Numquid

112 543 195 571 non
217 537 258 570 et
281 527 415 584 magni
443 526 669 568 sacerdotis
700 525 913 568 Zachariae
938 523 1045 565 filius
1069 524 1235 565 extitit?
1267 524 1316 564 Et
1347 532 1485 565 tamen

112 608 190 637 nec
221 593 348 650 patris
380 593 553 649 opibus,
597 606 675 632 nec
710 591 854 632 matris
893 589 1105 632 blanditiis
1150 598 1192 630 et
1234 589 1487 638 affectibus,

113 658 152 699 in
186 659 312 699 domo
356 666 573 715 parentum
601 671 772 697 suorum
805 656 864 711 (2)
900 670 1070 696 manere
1094 653 1254 701 voluit,
1280 655 1352 695 sed
1377 669 1397 694 a
1419 653 1478 709 (3)

113 723 346 765 tenerrimis
386 722 532 769 annis,
571 721 720 777 opibus
765 721 928 762 cunctis
972 718 1150 761 dimissis
1177 751 1186 766 ,
1220 718 1402 776 perrexit
1436 719 1486 760 ad

111 804 319 841 eremum,
344 804 395 830 ne
422 787 568 829 ssorem
600 802 683 829 suze
720 786 925 829 soecundae
954 786 1201 843 virginitatis
1244 800 1318 841 per
1340 784 1482 826 diabo-

110 856 195 896 lum
213 862 352 912 posset
376 854 580 894 amittere.
599 851 791 899 Samson,
817 852 1000 893 virorum
1025 851 1293 897 fortissimus,
1318 850 1483 891 leonem

111 919 357 967 suffocavit;
377 920 449 961 sed
466 918 680 959 foeminam
701 917 881 959 videndo
895 950 905 965 ‚
930 932 1114 959 amorem
1133 931 1255 957 suum
1278 913 1484 956 suffocare

110 1000 194 1027 non
216 985 375 1041 potuit;
399 984 564 1025 vincula
591 982 714 1040 fregit
746 982 1043 1030 inimicorum,
1083 980 1155 1022 sed
1193 994 1363 1022 suarum
1405 994 1488 1020 non

111 1050 232 1093 solvit
262 1064 394 1091 nexus
429 1049 660 1090 carnalium
687 1049 972 1104 voluptatuuu
996 1062 1152 1089 messes
1176 1043 1364 1087 incendit
1392 1044 1492 1085 alie-

111 1131 207 1163 nas,
231 1116 304 1157 sed
331 1116 572 1157 incendium
599 1129 682 1155 suae
706 1114 890 1155 libidinis
913 1114 1160 1170 extinguere
1183 1111 1317 1153 noluit
1333 1143 1344 1160 ‚
1367 1110 1486 1152 etsie

110 1196 287 1223 messem
311 1197 394 1222 suae
419 1180 583 1222 virtutis
606 1180 756 1221 amisit.

170 1246 218 1290 V.
253 1246 290 1288 Ο
311 1247 476 1292 fratres,
506 1246 538 1287 si
562 1246 699 1288 Mariae
733 1246 898 1301 placere
930 1245 1143 1291 volumus,
1175 1242 1368 1284 foeminas
1400 1256 1487 1282 om-

111 1329 184 1355 nes
207 1313 503 1370 despiciamus,
526 1312 742 1367 ipsamque
760 1312 892 1352 solam
912 1309 1125 1366 capiamus
1141 1317 1357 1349 aeternam,
1383 1306 1487 1349 Nam

111 1381 163 1421 de
186 1378 445 1420 carbonibus
468 1377 660 1419 scintillae
682 1385 859 1426 exeunt,
895 1376 944 1416 de
976 1375 1087 1416 ferro
1110 1373 1261 1429 rubigo
1284 1372 1486 1422 nutritur,

112 1445 163 1486 de
187 1443 328 1501 aspide
350 1457 558 1484 venenum
582 1441 869 1488 mortiferum;
892 1441 952 1482 sic
975 1449 1016 1481 et
1038 1441 1089 1481 de
1113 1440 1289 1481 muliere
1306 1438 1488 1487 luxuria,

113 1524 227 1551 nunc
248 1509 454 1556 videndo,
480 1522 594 1549 nunc
617 1507 830 1563 loquendo
854 1505 1136 1562 progreditur.
1179 1504 1281 1546 Nam
1318 1503 1487 1545 soemina

112 1589 238 1633 super
275 1581 427 1616 cuncta
450 1572 628 1629 psallere
654 1572 913 1618 delectatur,
950 1570 1050 1612 licet
1089 1569 1327 1611 verecunda
1363 1583 1492 1624 appa-

111 1648 218 1689 reat,
244 1639 365 1693 cujus
392 1647 564 1679 cantum
583 1636 728 1678 audire
752 1635 1039 1692 imperfectius
1061 1643 1176 1676 estet
1194 1632 1322 1689 magis
1346 1632 1492 1674 morti-

113 1704 274 1753 ferum,
314 1718 440 1760 quam
473 1701 715 1743 basiliscum
757 1700 1010 1742 sibilantem.
1050 1700 1307 1741 Mementote
1333 1698 1488 1746 ctiam,

113 1769 284 1813 fratres.
322 1767 438 1825 quod
473 1767 656 1809 Thamar
685 1766 735 1807 ab
773 1767 909 1807 Amon
935 1765 1061 1806 fratre
1101 1780 1176 1806 suo
1214 1771 1412 1820 corrupta
1435 1762 1487 1803 sit

115 1842 285 1891 propter
310 1833 501 1874 diurnam
523 1840 564 1873 et
586 1831 849 1886 frequentem
872 1830 1043 1871 insimul
1067 1829 1343 1870 mansionem.
1380 1826 1492 1869 Nihil

115 1900 318 1955 denique,
342 1899 490 1940 fratres
513 1897 621 1944 mei,
646 1912 734 1938 esse
755 1897 913 1944 sentio,
938 1897 1051 1952 quod
1074 1895 1204 1952 magis
1228 1894 1414 1935 animum
1436 1893 1491 1934 vi·

115 1965 234 2007 rilem
274 1964 444 2021 dejiciat
479 1972 521 2005 et
557 1963 834 2005 succumbere
869 1961 1015 2011 faciat,
1056 1977 1181 2018 quam
1221 1960 1488 2001 foeminarum

115 2031 402 2073 blandimenta
425 2038 467 2070 et
487 2029 750 2071 conversatio
773 2028 923 2076 nimia3
954 2037 996 2070 et
1021 2035 1179 2084 quanto
1212 2025 1491 2082 religiosiores

116 2098 329 2145 videntur,
363 2105 480 2138 tanto
513 2096 637 2137 eitius
670 2096 876 2137 alliciunt.
901 2095 987 2136 Sub
1011 2095 1158 2136 habitu
1183 2092 1415 2134 sanctitatis
1449 2099 1491 2132 et

116 2163 282 2220 pietatis
317 2164 418 2204 latet
457 2177 665 2203 venenum
705 2161 900 2202 libidinis.
947 2161 1130 2217 Experto
1148 2193 1156 2207 ‚
1200 2158 1349 2200 fratres
1383 2157 1489 2202 mei,

118 2229 301 2276 credite;
326 2228 558 2284 Episcopus
595 2229 744 2283 loquor
781 2242 922 2268 coram
944 2226 1033 2268 Deo
1056 2235 1097 2267 et
1122 2224 1260 2270 vobis,
1288 2223 1383 2278 quia
1407 2237 1490 2263 non

118 2293 312 2335 mentior.
347 2292 510 2349 Longas
533 2293 682 2333 cedros
713 2291 885 2339 Libani,
923 2306 1095 2346 magnos
1130 2291 1258 2331 duces
1291 2302 1490 2344 gregum,

119 2358 503 2414 famosissimosque
528 2357 645 2398 omni
668 2356 893 2399 sanctitate
925 2365 1096 2398 ornatos
1129 2355 1207 2396 hac
1240 2362 1355 2410 peste
1378 2352 1490 2394 ceci-

120 2424 273 2465 didisse
297 2422 518 2480 conspexi3
545 2423 594 2464 de
627 2437 809 2478 quorum
842 2436 940 2463 casu
965 2436 1046 2463 non
1075 2421 1205 2476 magis
1228 2418 1489 2475 suspicabar,

119 2504 245 2546 quam
263 2490 314 2531 de
331 2488 543 2532 Ambrosii
566 2488 627 2545 (4)
643 2490 708 2531 vel
724 2487 971 2545 Hieronymi
989 2487 1200 2544 impudica
1215 2483 1490 2542 turpitudine.

168 2603 216 2646 (1)
236 2604 317 2637 Cod.
345 2603 499 2645 denique,
516 2620 559 2626 —
580 2602 629 2646 (2)
648 2603 696 2636 1d.
715 2603 804 2633 dum.
830 2619 875 2626 —
905 2601 955 2643 (3)
978 2603 1074 2633 Deest
1092 2613 1112 2632 a
1132 2603 1167 2632 in
1195 2599 1267 2633 cod.
1285 2616 1328 2622 —
1348 2598 1397 2639 (4)
1416 2597 1494 2629 Cod.

119 2660 178 2691 vel
202 2667 328 2690 tantum
346 2660 388 2689 de
404 2658 583 2691 Ambrosio.
