1868 3301
155 265 299 298 senno
327 264 456 304 vai,
482 264 529 294 ιΝ
557 263 717 295 ΝΑΤΑιι
746 264 804 296 ss,
838 264 908 296 Ar.
941 261 1066 293 PETm
1095 262 1148 294 ET
1174 263 1304 295 ΡΛυιι
1331 264 1379 295 ιι.
1431 249 1522 296 355

154 341 196 374 et
217 345 407 373 munera.
437 328 528 373 Non
551 329 664 371 euim
687 344 786 371 usus
809 332 869 384 (ι)
897 328 975 370 suit
994 327 1302 385 praedicationis
1324 329 1464 372 fructu
1485 341 1528 374 et

153 405 379 454 potestate,
403 395 562 437 sicutet
579 395 840 452 coeteriApos
857 394 949 443 toli,
976 394 1048 434 sed
1070 393 1221 434 samem
1234 402 1275 436 et
1293 395 1526 440 nuditatem

154 462 400 510 sustinebat,
423 461 655 502 laborando
670 461 865 502 manibus
882 458 983 502 suis¹
997 491 1006 506 ,
1027 473 1078 500 ne
1093 457 1394 502 offendiculum
1407 461 1526 506 daret

155 526 381 583 Evangelio
403 526 556 567 Christi
575 525 604 567 ².
634 526 670 568 O
695 540 818 581 quam
844 527 947 568 dura
970 523 1046 566 suit
1064 524 1252 566 alaistius
1277 524 1494 583 Seraphim
1512 561 1523 576 .

155 593 354 635 severitas
374 591 707 649 persecutionis!
731 592 775 632 ln
799 591 1013 633 laboribus
1036 589 1227 647 plurimis
1243 623 1252 637 ‚
1278 591 1319 632 in
1342 593 1526 635 carceri·

150 657 254 706 bus,
281 657 322 699 in
344 656 492 714 plagis,
516 656 556 697 in
577 657 787 713 profundo
810 657 934 698 maris
960 670 1126 714 poeuam
1157 664 1199 697 et
1231 656 1420 699 dolorem
1440 666 1527 701 sus-

153 722 320 766 tinuit³.
349 722 386 764 O
410 737 537 779 quam
564 722 733 778 grandis
757 723 818 764 ala
842 721 920 764 suit
942 753 953 770 ,
980 720 1222 763 solemnitas
1243 721 1356 764 Pauli
1387 723 1530 780 praedi·

152 788 355 831 cationis!
375 786 480 829 Vere
502 787 663 829 Doctor
685 788 874 844 gentium
892 786 1141 845 appellatum
1166 801 1260 829 vere
1282 789 1529 843 praedicator

152 854 363 900 veritatis,
401 867 498 894 vere
524 868 594 894 vas
616 853 859 895 electionis-⁶
897 868 1023 911 super
1059 867 1206 894 omnes
1238 853 1338 895 alios
1378 854 1529 897 Paulus

155 919 435 967 nominatum
461 933 558 960 vere
580 927 834 960 cunctorum
856 920 1053 977 magister
1076 926 1118 961 et
1152 923 1286 976 pater.
1321 919 1373 961 Et
1409 919 1526 976 quis,

151 986 301 1029 fratres
323 985 405 1026 mei
422 1017 431 1032 ,
452 984 768 1042 Apostolorum,
785 985 1126 1027 patriarcharum
1141 986 1205 1027 vel
1223 984 1530 1042 Prophetarum

151 1051 397 1110 praedicavit
420 1051 652 1093 solemnius
675 1051 692 1092 Ξ)
725 1052 817 1108 quis
838 1052 1178 1094 patriarcharum
1206 1052 1409 1109 correpsit
1433 1052 1532 1095 viri-

152 1117 270 1160 lius?
302 1117 394 1174 quis
426 1116 735 1173 Prophetarum
773 1117 901 1159 Paulo
942 1118 1168 1174 disputavit
1201 1117 1363 1159 tutius?
1398 1117 1530 1177 Digne

151 1197 252 1240 ergo
273 1197 342 1224 vas
370 1182 587 1224 electionis
620 1190 705 1229 est,
737 1197 889 1224 nomen
926 1182 1081 1224 Christi
1115 1190 1288 1237 portans
1311 1184 1465 1234 corde,
1489 1192 1532 1227 et

153 1263 227 1291 ore
258 1256 299 1289 et
325 1263 452 1304 opere
479 1262 604 1304 super
625 1263 773 1290 omues
799 1249 900 1290 alios
934 1263 1076 1291 coram
1105 1249 1288 1306 Regibus
1318 1258 1360 1291 et
1387 1249 1531 1293 Genti-

150 1313 230 1355 bus
250 1321 293 1354 et
317 1311 411 1354 filiis
434 1312 602 1354 Israel⁵.
632 1313 669 1355 Ο
695 1328 819 1369 quam
854 1312 1025 1370 grandis
1047 1314 1173 1355 etiam
1196 1313 1272 1354 suit
1295 1315 1354 1355 ala
1381 1313 1497 1357 Pauli
1515 1347 1526 1363 ,

149 1377 358 1419 subtilitas
393 1378 791 1433 contemplationis!
832 1378 1011 1435 Rapitur
1045 1378 1158 1420 enim
1191 1379 1342 1420 Paulus
1365 1381 1416 1421 ad
1442 1388 1528 1422 ter-

151 1442 254 1484 tium
280 1442 456 1489 coelum,
478 1451 518 1483 et
540 1442 614 1498 ipsi
644 1444 705 1500 (ιι)
733 1457 982 1485 concessum
1005 1451 1066 1484 est
1086 1443 1223 1485 adhuc
1248 1443 1419 1486 habenti
1444 1453 1527 1487 sta-

150 1516 239 1550 tum
262 1516 305 1549 et
326 1507 517 1548 habitum
547 1507 714 1548 viatoris
731 1540 740 1555 ,
770 1515 815 1549 ut
844 1508 980 1550 Deum
1004 1507 1190 1556 videret,
1220 1508 1344 1550 sicuti
1368 1517 1455 1558 est,
1486 1519 1528 1553 et

148 1572 410 1630 experiretur
431 1574 616 1614 li‘uctum
641 1580 683 1614 et
706 1581 874 1629 gustum
895 1573 1284 1630 comprehensionis
1305 1590 1316 1622 ς
1339 1575 1396 1617 sic
1413 1575 1526 1620 enim

149 1639 302 1681 Paulus
332 1638 506 1695 rapitur.
530 1637 568 1679 Ο
589 1652 716 1694 quam
746 1638 915 1692 grandis
946 1639 1062 1680 istius
1092 1638 1312 1696 Seraphim
1338 1640 1401 1683 ala
1429 1642 1517 1700 (5),

150 1705 373 1747 celebritas
409 1703 817 1744 consummationis!
858 1704 1089 1746 Decoratus
1125 1705 1237 1746 enim
1276 1706 1351 1748 suit
1387 1717 1524 1752 morte

149 1769 356 1812 nobilium
393 1783 570 1826 magnus
613 1776 782 1810 sauctus
827 1768 978 1811 Paulus
1008 1777 1049 1811 et
1081 1770 1250 1827 capitali
1293 1775 1522 1824 sententia,

150 1843 348 1892 tanquam
380 1835 480 1876 civis
515 1834 783 1876 nobilissimae
816 1834 1018 1883 civitatis,
1045 1837 1192 1878 mundi
1222 1839 1400 1896 capitis;
1440 1855 1523 1898 quo

150 1903 359 1945 decollato
379 1916 459 1944 vox
481 1915 630 1958 magna
655 1911 697 1942 et
721 1900 917 1943 terribilis
938 1902 1079 1944 audita
1098 1912 1160 1944 est
1180 1918 1190 1944 t
1213 1903 1357 1955 «Iesus,
1382 1906 1522 1956 Jesus,

149 1968 285 2012 Jesus.
314 1969 425 2011 Ecce
453 1968 667 2025 quomodo
691 1968 879 2017 vixerat,
913 1969 973 2011 sie
996 1977 1038 2011 et
1059 1970 1332 2014 moriebatur.
1361 1972 1524 2017 Nomen

150 2035 265 2092 quod
289 2035 330 2076 in
351 2042 518 2083 mente,
543 2033 647 2080 vita,
674 2047 780 2075 voce
812 2041 853 2075 et
886 2048 1039 2092 opere,
1077 2035 1117 2077 iu
1151 2036 1233 2078 vita
1261 2045 1521 2095 portaverat,

150 2107 246 2158 post
273 2099 400 2141 etiam
423 2099 550 2141 vitam
575 2098 767 2156 ignorare
789 2113 871 2140 non
897 2107 1075 2157 poterat.
1100 2101 1146 2142 Iu
1173 2101 1252 2145 hoe
1280 2104 1415 2154 enim,
1438 2104 1522 2148 sra-

150 2173 235 2208 tres
258 2163 519 2213 charissimi,
553 2163 723 2205 Petrum
747 2165 913 2206 excedit
940 2166 1089 2207 doctor
1109 2166 1308 2210 Gentium
1340 2169 1520 2219 Paulus;

151 2230 246 2288 quia
271 2244 373 2272 crux
406 2238 496 2271 erat
518 2244 638 2286 poena
662 2237 703 2271 et
735 2230 958 2287 ignobilior
989 2245 1122 2280 mors;
1149 2240 1287 2275 tamen
1310 2235 1419 2278 sicut
1442 2251 1522 2279 una

149 2297 233 2339 vita
255 2296 466 2345 vixerant,
503 2295 611 2337 sicut
645 2309 772 2337 unam
804 2296 931 2338 vitam
965 2297 1325 2354 praedicaverant,
1361 2303 1417 2344 sic
1440 2317 1523 2345 una

152 2362 219 2406 die
241 2370 283 2405 et
309 2362 414 2404 hora
441 2360 599 2419 pariter
627 2362 782 2404 coelum
804 2362 1112 2421 triumphantes
1140 2363 1317 2409 feliciter
1338 2366 1523 2413 iutrave-

200 2474 212 2498 ¹
236 2486 248 2507 1
269 2476 344 2510 Cor.
365 2484 412 2515 1v,
430 2484 482 2508 12.
496 2492 539 2499 -
555 2472 571 2496 2
586 2473 634 2506 Id.
652 2484 701 2514 xx,
723 2485 823 2508 12.—
839 2472 854 2499 ³
875 2486 893 2508 a
911 2477 988 2511 Cor.
1006 2487 1053 2519 xi,
1068 2482 1098 2509 et
1114 2487 1204 2521 seqq.
1220 2496 1262 2503 --
1279 2475 1294 2502 ⁴
1312 2480 1521 2524 Act.1x,15.

151 2549 198 2558 —
217 2529 233 2556 5
249 2530 336 2567 lbid.

199 2615 250 2660 (x)
265 2617 363 2650 Deest
378 2626 453 2648 usus
469 2615 506 2650 in
522 2615 594 2650 cod.
611 2633 657 2642 —
670 2612 722 2662 (α)
737 2615 814 2656 Cod.
832 2615 901 2649 sibi.
917 2634 960 2642 --
978 2613 1029 2662 (3)
1048 2619 1145 2650 Deest
1165 2617 1221 2649 ala
1237 2617 1271 2650 iu
1289 2617 1362 2651 cod.

1285 2679 1358 2727 23.
