1885 3284
185 270 329 302 SEnMo
363 269 459 309 XLV,
500 265 547 298 IN
584 265 745 298 NATALI
782 265 1007 298 MARTYRIS
1044 268 1286 307 QUADRATI.
1416 273 1445 320 9

69 336 124 377 V.
143 336 348 376 Perfectus
366 342 518 386 martyr
534 332 765 383 Quadratus
783 362 792 380 ‚
814 341 860 371 ut
876 334 998 385 ipsius
1019 335 1184 373 nomine
1205 337 1447 376 insinuatur.

70 398 145 438 Vl.
167 396 457 436 Exhibenduln
476 395 563 434 Deo
582 393 687 433 idem
706 393 755 432 ad
774 395 909 433 minus
929 396 1139 434 servitium
1163 410 1207 434 ac
1229 398 1450 450 iniquitati.

68 458 282 500 V11.P1us
301 458 429 497 facere
456 456 651 496 dehemus
672 470 762 495 cum
791 455 1012 506 Quadrato.
1039 457 1155 499 VIII.
1178 458 1354 498 Christus
1372 474 1451 511 pu·-

68 521 172 561 blice
191 519 453 559 confitendus.
484 517 554 556 IX.
579 517 905 556 Contemnendus
931 518 1050 556 timor
1072 518 1288 559 humanus.
1318 521 1367 563 X.
1393 523 1450 561 Ex·

67 583 139 623 illo
158 596 263 622 vano
282 583 428 620 timore
448 579 703 619 obstaculum
727 579 890 631 ponitur
907 579 1164 633 Paganorum
1187 585 1446 625 conversioni.

65 643 368 685 XLTimendus
383 642 637 695 potissimum
649 642 757 681 Deus
768 641 1153 694 quierubescentem
1171 658 1210 683 se
1227 645 1447 689 erubescet.

134 786 170 833 I.
213 788 465 832 PRAEsnm
487 782 702 829 Dominus
726 786 842 829 Deus
863 794 1024 840 noster,
1052 784 1122 830 cui
1145 787 1304 845 gratias
1322 788 1451 835 simul

69 858 234 918 agimus
253 893 264 913 ,
288 866 338 902 ut
364 854 612 903 videremus
637 872 714 901 vos
737 892 748 911 ,
779 866 822 900 et
844 855 1096 901 videremur
1114 874 1135 901 a
1168 857 1292 903 vobis
1310 896 1319 914 ‚
1345 870 1386 905 et
1418 860 1452 906 si

67 929 158 976 hoc
183 938 246 974 est
262 926 379 974 unde
403 947 423 969 a
450 925 689 990 Impletum
712 937 775 972 est
793 927 953 986 gaudio
973 944 1023 972 os
1043 938 1240 974 nostrum
1258 966 1268 985 ,
1296 941 1338 975 et
1363 930 1452 976 lin-

69 1021 91 1042 »
116 1016 198 1060 gua
225 1008 372 1044 nostra
406 996 700 1043 exultatione1
720 1034 730 1053 ‚
754 1018 774 1038 »
810 998 915 1060 quia
954 997 1144 1044 vidimus
1182 999 1369 1046 invicem
1407 1002 1452 1047 in

73 1086 204 1117 carne
216 1067 549 1132 mortali,quale
568 1067 871 1127 eritgaudium
891 1080 1089 1114 nostrum
1104 1070 1281 1133 quando
1295 1071 1359 1117 ibi
1376 1089 1453 1118 nos

69 1141 317 1190 videbimus
333 1177 344 1191 ,
372 1139 450 1185 ubi
464 1138 579 1184 nihil
599 1138 653 1184 de
676 1138 805 1184 nobis
826 1139 1014 1186 invicem
1035 1141 1297 1187 timeamus?
1319 1149 1347 1187 A
1355 1160 1453 1205 pos·

71 1212 187 1260 tolus
211 1211 322 1257 dicit
343 1228 355 1256 z
380 1231 400 1251 c<
421 1209 508 1273 Spe
525 1208 763 1270 gaudentes
779 1209 797 1238 2
818 1229 829 1264 3
850 1231 870 1252 2>
893 1210 1104 1271 gaudium
1130 1229 1232 1272 ergo
1257 1224 1453 1259 nostrum

66 1282 188 1347 quod
208 1298 327 1328 nunc
347 1291 409 1326 est
425 1281 470 1326 in
491 1297 567 1344 spe
586 1317 596 1335 ‚
624 1280 822 1326 nondum
850 1281 894 1326 in
914 1298 973 1328 re.
998 1303 1018 1324 «
1035 1281 1142 1346 Spes
1162 1294 1302 1329 autem
1319 1322 1329 1339 ‚
1352 1301 1453 1348 quae

69 1376 91 1396 »
111 1353 304 1408 videtur,
330 1369 421 1398 non
441 1362 522 1407 est,
538 1351 623 1407 ait,
649 1368 760 1414 spes.
784 1352 918 1408 Quod
943 1354 1057 1398 enim
1077 1353 1322 1419 videtquis‚
1344 1355 1453 1420 quid

68 1447 90 1468 »
109 1427 284 1488 sperat?
311 1424 357 1469 Si
382 1433 527 1468 autem
545 1422 663 1485 quod
679 1440 767 1468 non
789 1423 988 1470 videmus
1013 1442 1256 1488 speramus,
1285 1444 1454 1491 perpa-

66 1518 88 1540 »
108 1496 305 1543 tientiam
321 1495 669 1558 expectamus3.»
694 1495 739 1540 Si
759 1506 901 1541 autem
928 1499 1253 1559 peregrinantes
1276 1499 1455 1545 comites

69 1565 261 1628 gaudent
283 1564 338 1612 ad
360 1564 548 1610 invicem
562 1564 608 1610 in
622 1565 690 1611 via
706 1602 717 1620 ‚
738 1565 866 1629 quale
894 1566 1102 1626 gaudium
1123 1580 1454 1632 consequuntur

68 1638 114 1685 in
138 1636 282 1702 patria
306 1635 316 1681 l
343 1636 394 1681 In
412 1635 497 1681 hac
516 1635 604 1682 vita
625 1646 836 1700 martyres
855 1648 1133 1683 certaverunt
1153 1674 1163 1693 ‚
1184 1649 1226 1684 et
1245 1641 1452 1687 certando

69 1708 411 1756 ambulaverunt
431 1744 442 1763 ‚
469 1706 741 1754 ambulando
790 1726 880 1754 non
918 1709 1174 1765 haeserunt3
1222 1712 1452 1759 ambulant

66 1780 182 1825 enim
205 1778 284 1842 qui
308 1787 482 1831 amant3
511 1795 599 1823 non
616 1778 731 1824 enim
757 1778 814 1825 ad
840 1781 980 1826 Deum
999 1780 1201 1844 passibus
1217 1819 1228 1837 ‚
1269 1783 1343 1829 sed
1383 1783 1452 1831 af-

69 1849 256 1897 fectibus
272 1849 504 1895 currimus,

135 1919 194 1966 ll.
224 1919 304 1965 Via
323 1935 424 1979 ergo
449 1929 596 1964 nostra
619 1919 895 1967 ambulantes
916 1922 1076 1984 quaerit
1099 1944 1111 1979 3
1134 1924 1217 1970 tria
1241 1935 1342 1971 sunt
1366 1926 1453 1972 hoff

73 1992 244 2038 minum
267 2007 423 2050 genera
441 2028 452 2048 ,
481 2008 582 2054 quae
604 1991 699 2038 odit
722 2030 733 2050 ,
770 2005 1065 2041 remanentem
1089 2033 1100 2051 ,
1127 2007 1243 2043 retro
1268 1997 1452 2045 redeun-

71 2073 180 2119 tem,
202 2062 490 2108 aberrantem.
519 2062 587 2108 Ab
606 2063 675 2109 his
695 2065 837 2110 tribus
852 2065 1082 2124 generibus
1096 2068 1238 2123 malis,
1261 2070 1450 2116 Domino

72 2134 307 2194 adjuvante
329 2170 338 2187 ‚
362 2132 612 2180 vindicetur
635 2146 676 2181 et
695 2135 956 2182 defendatur
980 2154 1146 2197 gressus
1170 2151 1328 2188 noster.
1354 2145 1449 2187 Jam

73 2223 176 2253 vero
201 2221 302 2252 cum
333 2204 609 2254 ambulantes
639 2208 848 2254 sudamus
880 2209 975 2270 (1),
1003 2209 1111 2256 alius
1153 2211 1321 2259 tardius
1354 2231 1451 2259 am-

72 2276 202 2323 bulat
223 2314 233 2331 ‚
278 2275 387 2322 alius
418 2276 599 2323 celerius
621 2314 631 2335 ‚
674 2279 804 2325 ambo
831 2290 977 2327 tamen
1028 2282 1272 2330 ambulant.
1321 2284 1454 2330 Exci-

71 2347 197 2394 tandi
224 2357 326 2393 sunt
345 2363 446 2407 ergo
476 2360 746 2395 remanentes
768 2387 778 2403 ‚
807 2361 922 2396 retro
959 2351 1188 2399 redeuntes
1220 2356 1453 2402 revocandi

73 2429 174 2465 sunt
194 2455 206 2474 ,
241 2429 433 2465 errantes
454 2419 501 2465 in
519 2419 634 2466 viam
653 2420 844 2467 ducendi
871 2440 881 2467 :
919 2422 1030 2469 tardi
1051 2423 1310 2471 exhortandi
1337 2463 1347 2482 ,
1378 2443 1453 2472 ce-

125 2538 133 2560 ¹
151 2540 231 2573 Psal.
250 2551 346 2583 cxxv,
364 2552 394 2572 2.
413 2559 457 2565 —
477 2540 492 2563 ²
507 2545 601 2575 Rom.
620 2554 681 2586 ιιι,
699 2555 733 2577 2.
749 2562 791 2568 —-
809 2541 824 2566 3
841 2544 891 2577 Id.
910 2556 978 2584 vni,
995 2551 1052 2584 24,
1067 2546 1122 2578 25.

120 2621 174 2663 (ι)
195 2621 246 2654 Sic
263 2620 385 2662 codex;
404 2622 500 2655 credo
513 2622 599 2666 quod
620 2623 786 2665 legendum
799 2623 852 2670 sit,
873 2635 938 2658 non
958 2622 1125 2669 sudamus,
1146 2624 1201 2658 sed
1218 2635 1292 2660 sune
1307 2629 1381 2662 duo.
