1868 3301
366 289 460 336 380
635 309 668 336 s.
713 308 956 338 mensum
993 308 1199 338 EPIscorl
1237 307 1472 341 APPENfflx.

365 372 483 413 duxit
500 388 570 414 eos
590 406 598 421 ‚
623 374 698 414 nisi
724 374 762 414 in
789 376 990 431 templum
1013 374 1030 415 P
1053 375 1126 416 Illa
1149 384 1238 417 erat
1260 378 1410 418 domus
1429 378 1503 420 Dei
1521 413 1529 426 .
1555 388 1597 422 et
1619 380 1742 422 aliam

368 438 627 479 mansionem
656 454 739 481 non
762 439 943 482 habebat
972 439 1174 482 Salvator.
1195 441 1247 482 Et
1273 442 1365 482 visis
1384 457 1402 483 a
1428 444 1594 486 Christo
1614 445 1744 488 mira-

366 503 494 547 eutis.
516 518 694 560 corpore
718 505 890 546 recessit
910 520 930 546 a
949 505 1115 546 Christo
1140 520 1314 547 currens
1334 509 1385 548 ad
1400 508 1584 562 Petrum,
1601 519 1642 551 ct
1664 511 1741 552 ait:

378 569 651 612 «Invenimus
675 571 867 612 Messian]
913 572 982 627 qui
1021 571 1177 612 dicitur
1215 572 1405 614 Christus
1426 574 1455 615 ¹.
1481 594 1494 612 n
1540 575 1591 616 Et
1614 575 1740 618 ambo

366 633 462 676 facti
487 645 584 677 sunt
606 636 835 693 piscatores
859 637 1095 678 animarum
1112 669 1121 683 ,
1153 638 1212 678 sal
1252 647 1373 679 terrae
1396 646 1436 679 et
1457 640 1528 681 lux
1566 641 1712 682 mundi
1731 673 1741 689 ‚

366 709 551 742 rectores
586 712 706 743 terrae
724 736 734 750 ,
770 702 956 759 magistri
995 704 1213 759 generales
1251 703 1451 745 Ecclesiae
1476 738 1483 750 ‚
1528 715 1742 748 senatores

367 766 549 807 coelestis
573 768 715 810 curiae.

426 831 477 874 lt.
517 833 598 875 Sed
622 834 841 876 sciendum
865 844 929 876 est
950 836 1063 890 quod
1084 834 1158 876 alia
1178 845 1240 876 est
1258 836 1444 882 vocatio,
1474 835 1551 878 alia
1575 837 1742 885 electio,

366 905 407 937 et
437 898 510 938 alia
536 900 766 956 assumptio
793 915 835 940 :a
858 900 975 941 Multi
998 915 1181 955 namque
1211 900 1388 955 (t)sunt
1414 902 1549 942 vocati
1573 933 1581 951 ,
1624 902 1746 958 pauci

366 977 493 1002 »voro
517 964 686 1012 electi²‚
717 984 730 1003 >›
764 965 836 1006 sed
861 964 1101 1022 paucissimi
1126 965 1325 1021 assumpti
1352 965 1392 1006 in
1417 967 1531 1007 atriis
1555 966 1740 1008 Domini.

370 1027 541 1071 Vocavit
563 1029 754 1073 Salvator
778 1034 933 1072 multos
954 1045 1030 1087 per
1052 1032 1414 1088 praedicationem,
1437 1032 1562 1089 elegit
1587 1048 1745 1090 paucos

369 1109 443 1151 per
467 1095 811 1153 inspirationem,
837 1107 879 1139 et
912 1097 1136 1154 assumpsit
1155 1098 1427 1154 paucissimos
1451 1114 1524 1155 per
1547 1099 1745 1155 pietatem

365 1168 407 1200 et
440 1161 748 1204 miserationem
775 1163 816 1204 in
839 1164 904 1205 (lie
928 1164 1168 1205 novissimo.
1217 1162 1389 1205 Vocavit
1409 1164 1522 1205 enim
1556 1164 1746 1206 Salvator

362 1223 516 1266 «Iudam
541 1242 615 1283 per
636 1229 976 1284 praedicationem
995 1262 1003 1276 ,
1023 1238 1064 1270 et
1093 1228 1220 1285 elegit
1242 1243 1319 1286 per
1344 1228 1681 1286 inspirationem,
1705 1230 1743 1271 in

365 1298 527 1332 tantum
556 1295 672 1348 quod
697 1294 772 1350 ipsi
798 1294 855 1349 (2)
887 1294 1003 1336 dedit
1035 1302 1284 1350 potestatem
1307 1294 1608 1351 mysteriorum
1631 1328 1640 1342 ‚
1679 1294 1747 1335 fu-

364 1357 488 1413 gandi
513 1359 718 1402 daemonia
732 1369 773 1402 et
794 1360 974 1402 faciendi
994 1361 1213 1402 miracula.
1238 1360 1372 1417 Elegit
1391 1376 1486 1401 eum
1509 1361 1559 1402 ad
1579 1369 1744 1418 aposto·

363 1422 516 1470 tatum,
546 1425 618 1465 sed
641 1440 723 1466 non
749 1427 974 1482 assumpsit
997 1427 1047 1467 ad
1082 1425 1209 1467 curiae
1232 1425 1413 1467 coelestis
1438 1426 1740 1482 principatum.

367 1486 509 1537 Quare
536 1503 617 1530 non
645 1491 1004 1547 assumpsiti'quia
1026 1505 1109 1532 non
1134 1492 1416 1548 perseveravit
1442 1492 1482 1532 in
1508 1490 1604 1532 fide.
1627 1491 1743 1539 Ideo,

365 1552 531 1601 fratres,
560 1557 794 1597 cavendum
817 1556 937 1598 nobis
955 1565 1016 1597 est
1034 1588 1043 1602 ,
1065 1571 1117 1597 ne
1132 1571 1228 1597 cum
1247 1555 1354 1597 Jnda
1377 1571 1611 1611 pereamus.
1636 1556 1747 1597 Ecce

367 1617 448 1671 jam
473 1620 605 1660 vocati
631 1636 773 1662 snmus
799 1637 872 1678 per
908 1622 1084 1677 gratiam
1105 1654 1114 1667 ‚
1139 1620 1221 1676 iam
1263 1621 1387 1662 electi
1409 1654 1418 1668 ‚
1453 1622 1529 1662 sed
1552 1622 1743 1663 nondum

367 1685 567 1740 assumpti
584 1701 728 1727 sumus
749 1687 787 1727 in
809 1686 1063 1728 Sanctorum
1089 1686 1318 1728 consortio.
1351 1688 1528 1727 Pensate
1549 1720 1558 1734 ‚
1586 1686 1739 1727 fratres

365 1751 470 1797 mei,
502 1765 724 1806 pensemus
745 1761 785 1793 et
808 1767 900 1800 nos,
928 1752 1041 1807 quod
1065 1752 1139 1792 soli
1164 1761 1377 1808 assumpto
1401 1751 1618 1793 beatitudo
1641 1766 1745 1808 pro-

366 1815 561 1856 mittitur.
592 1816 712 1858 Solus
737 1818 804 1858 ille
831 1818 977 1859 beatus
1001 1827 1062 1858 est
1087 1851 1095 1864 ,
1117 1832 1200 1858 non
1217 1818 1285 1872 qui
1313 1819 1362 1858 (le
1391 1818 1549 1858 mundo
1575 1826 1746 1859 vocatus

365 1888 457 1928 est,
495 1896 577 1922 non
602 1881 659 1937 (5)
689 1883 758 1938 qui
778 1884 937 1924 electus
962 1891 1048 1930 est,
1070 1884 1143 1924 sed
1167 1883 1236 1938 qui
1263 1883 1369 1924 bene
1386 1891 1623 1939 assumptus
1644 1891 1706 1924 est
1732 1898 1740 1923 ε

366 1946 433 1987 ille
451 1961 546 1987 vere
576 1947 634 2003 (l.)
661 1948 808 1990 bratus
827 1954 916 1995 est,
942 1948 1012 2004 qui
1038 1948 1157 1989 sicin
1186 1948 1340 1989 coelum
1361 1947 1573 2002 ingressus
1591 1956 1666 1988 est.

423 2012 493 2053 Ill.
531 2013 688 2054 Tamen
709 2014 794 2070 ipse
821 2014 1058 2055 animarum
1083 2014 1241 2055 zelator
1274 2028 1441 2070 semper
1476 2027 1624 2053 vocare
1662 2027 1746 2053 non

363 2077 515 2118 desinit
532 2080 735 2135 superbos
758 2088 800 2120 et
823 2078 1019 2125 humiles,
1043 2078 1192 2119 divites
1214 2086 1255 2118 et
1276 2092 1498 2134 pauperes,
1524 2077 1685 2117 nobiles
1702 2085 1743 2118 et

366 2142 590 2199 ignobiles;
615 2145 688 2185 sed
712 2160 794 2185 non
823 2144 950 2201 elegit
972 2144 1049 2185 nisi
1079 2144 1286 2191 humiles,
1313 2153 1354 2184 et
1380 2157 1602 2200 pauperes,
1629 2150 1671 2183 et
1691 2143 1745 2199 ig-

366 2208 530 2249 nobiles
546 2242 556 2254 ,
577 2218 622 2250 ut
643 2209 763 2250 fortia
788 2224 966 2266 qumque
990 2209 1234 2251 confundat.
1265 2208 1355 2251 Non
1377 2209 1503 2265 elegit
1524 2208 1742 2249 Platonem

367 2274 687 2331 philosophum,
706 2291 788 2316 non
809 2275 1078 2317 Aristotelem
1099 2275 1366 2317 dialecticum
1383 2308 1391 2322 ,
1419 2289 1502 2316 non
1525 2273 1743 2315 Socratem

362 2350 404 2382 et
427 2341 677 2383 Ciceronem
698 2342 964 2383 rhetoricum
981 2373 991 2389 ,
1016 2357 1100 2382 non
1123 2342 1383 2383 Avicennam
1408 2340 1623 2381 medicum
1645 2339 1705 2396 (5)
1730 2356 1739 2386 ;

414 2437 533 2467 ²Joan.
554 2447 574 2472 ι,
594 2443 706 2472 41.—
723 2434 738 2457 2
756 2436 877 2470 Matth,
893 2447 945 2472 xx,
966 2437 1016 2466 16.

412 2509 458 2552 (1)
473 2509 552 2541 Cod.
573 2510 724 2551 denique,
746 2528 790 2533 —
806 2508 856 2555 (2)
879 2509 927 2542 Id.
945 2508 1016 2547 sibi,
1042 2516 1073 2540 et
1090 2510 1134 2541 sic
1153 2509 1315 2551 deinceps.
1335 2527 1380 2533 —
1399 2510 1432 2540 :3
1463 2509 1525 2540 Hic
1539 2508 1745 2551 transpositio

364 2565 492 2596 evidens
512 2572 558 2596 est
579 2566 610 2597 in
628 2567 714 2603 cod„
738 2567 792 2608 qui
811 2566 909 2598 habet
924 2576 931 2597 ε
950 2567 1024 2596 Nan
1043 2567 1101 2608 qui
1113 2567 1232 2597 electus
1250 2574 1312 2604 esc,
1326 2567 1384 2596 sed
1396 2566 1452 2607 qui
1467 2564 1547 2595 bene
1565 2573 1743 2606 assumptus

363 2627 418 2653 est.
435 2619 493 2661 qui
508 2620 549 2650 de
568 2620 686 2650 mundo
704 2629 843 2651 vocatus
859 2628 972 2652 est.—
988 2621 1033 2662 ΜΔ)
1055 2621 1132 2652 Cod.
1145 2631 1236 2657 vero,
1257 2625 1289 2650 et
1306 2619 1349 2650 sic
1366 2619 1574 2661 deinceps.—
1594 2616 1645 2662 (5)
1662 2618 1740 2649 Avi-

367 2686 467 2708 ceuna
486 2676 628 2708 medicus
644 2682 737 2709 uatus
751 2684 795 2708 est
814 2687 898 2708 anno
917 2677 999 2718 980,
1014 2682 1046 2708 et
1061 2682 1206 2708 mortuus
1223 2686 1274 2707 an.
1297 2676 1394 2708 1036.
1734 2666 1736 2669 ¹
