<?xml version="1.0" encoding="UTF-8"?>
<!DOCTYPE html PUBLIC "-//W3C//DTD XHTML 1.0 Transitional//EN"
    "http://www.w3.org/TR/xhtml1/DTD/xhtml1-transitional.dtd">
<html xmlns="http://www.w3.org/1999/xhtml" xml:lang="en" lang="en">
 <head>
  <title>
</title>
<meta http-equiv="Content-Type" content="text/html;charset=utf-8" />
  <meta name='ocr-system' content='tesseract 3.04.00' />
  <meta name='ocr-capabilities' content='ocr_page ocr_carea ocr_par ocr_line ocrx_word'/>
</head>
<body>
  <div class='ocr_page' id='page_1' title='image "./p2operaomniaaccu24auguuoft_0375.png"; bbox 0 0 1868 3301; ppageno 0'>
   <div class='ocr_carea' id='block_1_1' title="bbox 196 228 1497 280">
    <p class='ocr_par' dir='ltr' id='par_1_1' title="bbox 196 228 1497 280">
     <span class='ocr_line' id='line_1_1' title="bbox 196 228 1497 280; baseline -0.004 -2"><span class='ocrx_word' id='word_1_1' title='bbox 196 246 339 278; x_wconf 64' lang='lat' dir='ltr'>senno</span> <span class='ocrx_word' id='word_1_2' title='bbox 376 245 476 276; x_wconf 77' lang='lat' dir='ltr'>inx</span> <span class='ocrx_word' id='word_1_3' title='bbox 500 266 511 280; x_wconf 83' lang='lat'>.</span> <span class='ocrx_word' id='word_1_4' title='bbox 553 243 597 276; x_wconf 76' lang='lat' dir='ltr'>m</span> <span class='ocrx_word' id='word_1_5' title='bbox 636 243 794 276; x_wconf 72' lang='lat' dir='ltr'><strong>NATALI</strong></span> <span class='ocrx_word' id='word_1_6' title='bbox 833 245 986 275; x_wconf 63' lang='lat' dir='ltr'>samen</span> <span class='ocrx_word' id='word_1_7' title='bbox 1025 243 1260 274; x_wconf 60' lang='lat' dir='ltr'>cananum</span> <span class='ocrx_word' id='word_1_8' title='bbox 1301 243 1327 274; x_wconf 84' lang='lat'>1.</span> <span class='ocrx_word' id='word_1_9' title='bbox 1405 228 1497 274; x_wconf 83' lang='lat'>365</span> 
     </span>
    </p>
   </div>
   <div class='ocr_carea' id='block_1_2' title="bbox 674 422 950 467">
    <p class='ocr_par' dir='ltr' id='par_1_2' title="bbox 674 422 950 467">
     <span class='ocr_line' id='line_1_2' title="bbox 674 422 950 467; baseline -0.004 -1"><span class='ocrx_word' id='word_1_10' title='bbox 674 422 950 467; x_wconf 89' lang='lat' dir='ltr'>SYNOPSIS.</span> 
     </span>
    </p>
   </div>
   <div class='ocr_carea' id='block_1_3' title="bbox 135 555 1500 732">
    <p class='ocr_par' dir='ltr' id='par_1_3' title="bbox 135 555 1500 732">
     <span class='ocr_line' id='line_1_3' title="bbox 186 555 1500 609; baseline 0.001 -12"><span class='ocrx_word' id='word_1_11' title='bbox 186 559 217 598; x_wconf 90' lang='grc' dir='ltr'>Ι.</span> <span class='ocrx_word' id='word_1_12' title='bbox 250 558 395 597; x_wconf 87' lang='lat' dir='ltr'><strong>Beatus</strong></span> <span class='ocrx_word' id='word_1_13' title='bbox 413 558 651 597; x_wconf 85' lang='lat' dir='ltr'>Laurentius</span> <span class='ocrx_word' id='word_1_14' title='bbox 671 557 711 594; x_wconf 92' lang='lat' dir='ltr'>in</span> <span class='ocrx_word' id='word_1_15' title='bbox 728 555 872 596; x_wconf 86' lang='lat' dir='ltr'>coelesti</span> <span class='ocrx_word' id='word_1_16' title='bbox 887 556 1024 595; x_wconf 86' lang='lat' dir='ltr'>sedere</span> <span class='ocrx_word' id='word_1_17' title='bbox 1042 555 1206 605; x_wconf 87' lang='lat' dir='ltr'>maluit,</span> <span class='ocrx_word' id='word_1_18' title='bbox 1226 570 1348 609; x_wconf 87' lang='lat' dir='ltr'>quam</span> <span class='ocrx_word' id='word_1_19' title='bbox 1362 558 1403 597; x_wconf 85' lang='lat' dir='ltr'>in</span> <span class='ocrx_word' id='word_1_20' title='bbox 1422 568 1500 598; x_wconf 88' lang='lat' dir='ltr'>ter-</span> 
     </span>
     <span class='ocr_line' id='line_1_4' title="bbox 136 617 1496 669; baseline -0.001 -9"><span class='ocrx_word' id='word_1_21' title='bbox 136 622 252 660; x_wconf 81' lang='lat' dir='ltr'>restri</span> <span class='ocrx_word' id='word_1_22' title='bbox 264 619 466 659; x_wconf 87' lang='lat' dir='ltr'>cathedra.</span> <span class='ocrx_word' id='word_1_23' title='bbox 488 619 541 659; x_wconf 94' lang='lat' dir='ltr'>II.</span> <span class='ocrx_word' id='word_1_24' title='bbox 568 618 665 669; x_wconf 83' lang='lat' dir='ltr'>Quae</span> <span class='ocrx_word' id='word_1_25' title='bbox 684 618 834 657; x_wconf 85' lang='lat' dir='ltr'>fuerint</span> <span class='ocrx_word' id='word_1_26' title='bbox 854 617 1034 668; x_wconf 83' lang='lat' dir='ltr'>ejusdem</span> <span class='ocrx_word' id='word_1_27' title='bbox 1053 617 1206 669; x_wconf 85' lang='lat' dir='ltr'>judicio</span> <span class='ocrx_word' id='word_1_28' title='bbox 1224 632 1322 658; x_wconf 80' lang='lat' dir='ltr'>verae</span> <span class='ocrx_word' id='word_1_29' title='bbox 1335 619 1496 660; x_wconf 82' lang='lat' dir='ltr'>divitiae.</span> 
     </span>
     <span class='ocr_line' id='line_1_5' title="bbox 135 678 964 732; baseline 0.001 -13"><span class='ocrx_word' id='word_1_30' title='bbox 135 680 210 722; x_wconf 87' lang='grc' dir='ltr'><strong>ΙΙΙ.</strong></span> <span class='ocrx_word' id='word_1_31' title='bbox 242 680 456 732; x_wconf 83' lang='lat' dir='ltr'>Quomodo</span> <span class='ocrx_word' id='word_1_32' title='bbox 474 678 690 719; x_wconf 86' lang='lat' dir='ltr'>imitandus</span> <span class='ocrx_word' id='word_1_33' title='bbox 708 680 964 720; x_wconf 79' lang='lat' dir='ltr'>Laurentius.</span> 
     </span>
    </p>
   </div>
   <div class='ocr_carea' id='block_1_4' title="bbox 138 837 1514 2466">
    <p class='ocr_par' dir='ltr' id='par_1_4' title="bbox 138 837 1514 2466">
     <span class='ocr_line' id='line_1_6' title="bbox 196 837 1504 896; baseline -0.002 -14"><span class='ocrx_word' id='word_1_34' title='bbox 196 840 229 882; x_wconf 89' lang='lat' dir='ltr'>l.</span> <span class='ocrx_word' id='word_1_35' title='bbox 265 840 399 883; x_wconf 72' lang='lat' dir='ltr'>Llcss’r</span> <span class='ocrx_word' id='word_1_36' title='bbox 432 838 614 896; x_wconf 82' lang='lat' dir='ltr'>ingentia</span> <span class='ocrx_word' id='word_1_37' title='bbox 642 838 748 880; x_wconf 85' lang='lat' dir='ltr'>saeta</span> <span class='ocrx_word' id='word_1_38' title='bbox 778 837 916 879; x_wconf 93' lang='lat' dir='ltr'>tenuis</span> <span class='ocrx_word' id='word_1_39' title='bbox 946 852 1083 880; x_wconf 91' lang='lat' dir='ltr'>sermo</span> <span class='ocrx_word' id='word_1_40' title='bbox 1115 851 1199 879; x_wconf 93' lang='lat' dir='ltr'>non</span> <span class='ocrx_word' id='word_1_41' title='bbox 1229 838 1430 895; x_wconf 85' lang='lat' dir='ltr'><strong>explicet,</strong></span> <span class='ocrx_word' id='word_1_42' title='bbox 1463 848 1504 881; x_wconf 89' lang='lat' dir='ltr'>et</span> 
     </span>
     <span class='ocr_line' id='line_1_7' title="bbox 139 902 1502 962; baseline 0 -15"><span class='ocrx_word' id='word_1_43' title='bbox 139 913 288 947; x_wconf 86' lang='lat' dir='ltr'>natura</span> <span class='ocrx_word' id='word_1_44' title='bbox 320 904 547 962; x_wconf 82' lang='lat' dir='ltr'>frigidioris</span> <span class='ocrx_word' id='word_1_45' title='bbox 581 904 734 961; x_wconf 87' lang='lat' dir='ltr'>ingenii</span> <span class='ocrx_word' id='word_1_46' title='bbox 755 902 946 945; x_wconf 88' lang='lat' dir='ltr'>ssammas</span> <span class='ocrx_word' id='word_1_47' title='bbox 969 903 1200 960; x_wconf 76' lang='lat' dir='ltr'><strong>Martyrum</strong></span> <span class='ocrx_word' id='word_1_48' title='bbox 1221 918 1391 945; x_wconf 89' lang='lat' dir='ltr'>narrare</span> <span class='ocrx_word' id='word_1_49' title='bbox 1419 919 1502 947; x_wconf 91' lang='lat' dir='ltr'>non</span> 
     </span>
     <span class='ocr_line' id='line_1_8' title="bbox 138 969 1505 1028; baseline -0.001 -16"><span class='ocrx_word' id='word_1_50' title='bbox 138 969 291 1028; x_wconf 85' lang='lat' dir='ltr'>possit,</span> <span class='ocrx_word' id='word_1_51' title='bbox 321 969 587 1012; x_wconf 87' lang='lat' dir='ltr'>devotionem</span> <span class='ocrx_word' id='word_1_52' title='bbox 620 977 761 1010; x_wconf 88' lang='lat' dir='ltr'>tamen</span> <span class='ocrx_word' id='word_1_53' title='bbox 794 978 977 1011; x_wconf 81' lang='lat' dir='ltr'>nostram</span> <span class='ocrx_word' id='word_1_54' title='bbox 1012 983 1109 1024; x_wconf 83' lang='lat' dir='ltr'>erga</span> <span class='ocrx_word' id='word_1_55' title='bbox 1131 970 1292 1011; x_wconf 91' lang='lat' dir='ltr'>cultum</span> <span class='ocrx_word' id='word_1_56' title='bbox 1315 970 1505 1026; x_wconf 84' lang='lat' dir='ltr'>martyrii</span> 
     </span>
     <span class='ocr_line' id='line_1_9' title="bbox 140 1033 1502 1092; baseline -0.001 -14"><span class='ocrx_word' id='word_1_57' title='bbox 140 1036 500 1083; x_wconf 79' lang='lat' dir='ltr'>demonstrantes,</span> <span class='ocrx_word' id='word_1_58' title='bbox 540 1034 590 1075; x_wconf 88' lang='lat' dir='ltr'>ab</span> <span class='ocrx_word' id='word_1_59' title='bbox 625 1034 712 1091; x_wconf 88' lang='lat' dir='ltr'>ipso</span> <span class='ocrx_word' id='word_1_60' title='bbox 750 1050 823 1091; x_wconf 89' lang='lat' dir='ltr'>per</span> <span class='ocrx_word' id='word_1_61' title='bbox 856 1049 982 1091; x_wconf 88' lang='lat' dir='ltr'>quem</span> <span class='ocrx_word' id='word_1_62' title='bbox 1011 1033 1254 1076; x_wconf 79' lang='lat' dir='ltr'>efficiuntur</span> <span class='ocrx_word' id='word_1_63' title='bbox 1275 1035 1502 1092; x_wconf 81' lang='lat' dir='ltr'>Martyres,</span> 
     </span>
     <span class='ocr_line' id='line_1_10' title="bbox 141 1099 1506 1158; baseline 0.001 -16"><span class='ocrx_word' id='word_1_64' title='bbox 141 1100 434 1158; x_wconf 76' lang='lat' dir='ltr'>deprecamur,</span> <span class='ocrx_word' id='word_1_65' title='bbox 461 1108 506 1141; x_wconf 90' lang='lat' dir='ltr'>ut</span> <span class='ocrx_word' id='word_1_66' title='bbox 527 1099 653 1141; x_wconf 85' lang='lat' dir='ltr'>divini</span> <span class='ocrx_word' id='word_1_67' title='bbox 677 1099 782 1157; x_wconf 84' lang='lat' dir='ltr'>ignis</span> <span class='ocrx_word' id='word_1_68' title='bbox 804 1099 845 1140; x_wconf 90' lang='lat' dir='ltr'>in</span> <span class='ocrx_word' id='word_1_69' title='bbox 868 1114 942 1141; x_wconf 90' lang='lat' dir='ltr'>nos</span> <span class='ocrx_word' id='word_1_70' title='bbox 966 1099 1119 1141; x_wconf 86' lang='lat' dir='ltr'>virtute</span> <span class='ocrx_word' id='word_1_71' title='bbox 1140 1114 1341 1142; x_wconf 85' lang='lat' dir='ltr'>succensa</span> <span class='ocrx_word' id='word_1_72' title='bbox 1358 1133 1367 1148; x_wconf 92' lang='lat'>,</span> <span class='ocrx_word' id='word_1_73' title='bbox 1391 1102 1506 1158; x_wconf 91' lang='lat' dir='ltr'>loqui</span> 
     </span>
     <span class='ocr_line' id='line_1_11' title="bbox 140 1164 1508 1222; baseline 0 -14"><span class='ocrx_word' id='word_1_74' title='bbox 140 1166 403 1208; x_wconf 81' lang='lat' dir='ltr'>sacerdotem</span> <span class='ocrx_word' id='word_1_75' title='bbox 425 1167 597 1213; x_wconf 86' lang='lat' dir='ltr'>doceat,</span> <span class='ocrx_word' id='word_1_76' title='bbox 627 1165 699 1221; x_wconf 93' lang='lat' dir='ltr'>qui</span> <span class='ocrx_word' id='word_1_77' title='bbox 723 1164 910 1207; x_wconf 86' lang='lat' dir='ltr'>Levitam</span> <span class='ocrx_word' id='word_1_78' title='bbox 932 1164 1078 1207; x_wconf 89' lang='lat' dir='ltr'>docuit</span> <span class='ocrx_word' id='word_1_79' title='bbox 1094 1165 1372 1222; x_wconf 82' lang='lat' dir='ltr'>triumphare.</span> <span class='ocrx_word' id='word_1_80' title='bbox 1397 1166 1508 1209; x_wconf 85' lang='lat' dir='ltr'>Bea-</span> 
     </span>
     <span class='ocr_line' id='line_1_12' title="bbox 139 1229 1509 1288; baseline 0 -14"><span class='ocrx_word' id='word_1_81' title='bbox 139 1240 207 1274; x_wconf 90' lang='lat' dir='ltr'>tus</span> <span class='ocrx_word' id='word_1_82' title='bbox 228 1245 408 1288; x_wconf 86' lang='lat' dir='ltr'>namque</span> <span class='ocrx_word' id='word_1_83' title='bbox 429 1230 679 1272; x_wconf 89' lang='lat' dir='ltr'>Laurentius</span> <span class='ocrx_word' id='word_1_84' title='bbox 695 1262 704 1278; x_wconf 91' lang='lat'>,</span> <span class='ocrx_word' id='word_1_85' title='bbox 729 1231 829 1271; x_wconf 88' lang='lat' dir='ltr'>dum</span> <span class='ocrx_word' id='word_1_86' title='bbox 849 1229 890 1271; x_wconf 94' lang='lat' dir='ltr'>in</span> <span class='ocrx_word' id='word_1_87' title='bbox 908 1230 1013 1272; x_wconf 88' lang='lat' dir='ltr'>urbe</span> <span class='ocrx_word' id='word_1_88' title='bbox 1034 1230 1165 1273; x_wconf 87' lang='lat' dir='ltr'>Roma</span> <span class='ocrx_word' id='word_1_89' title='bbox 1189 1231 1509 1274; x_wconf 87' lang='lat' dir='ltr'>archidiacona-</span> 
     </span>
     <span class='ocr_line' id='line_1_13' title="bbox 141 1295 1509 1352; baseline 0.001 -12"><span class='ocrx_word' id='word_1_90' title='bbox 141 1300 207 1340; x_wconf 74' lang='lat' dir='ltr'>tas</span> <span class='ocrx_word' id='word_1_91' title='bbox 227 1297 364 1339; x_wconf 85' lang='lat' dir='ltr'>officio</span> <span class='ocrx_word' id='word_1_92' title='bbox 388 1297 649 1352; x_wconf 82' lang='lat' dir='ltr'>fungeretur,</span> <span class='ocrx_word' id='word_1_93' title='bbox 677 1304 719 1337; x_wconf 89' lang='lat' dir='ltr'>et</span> <span class='ocrx_word' id='word_1_94' title='bbox 748 1295 860 1337; x_wconf 88' lang='lat' dir='ltr'>idem</span> <span class='ocrx_word' id='word_1_95' title='bbox 886 1296 926 1337; x_wconf 92' lang='lat' dir='ltr'>in</span> <span class='ocrx_word' id='word_1_96' title='bbox 952 1296 1108 1338; x_wconf 87' lang='lat' dir='ltr'>minori</span> <span class='ocrx_word' id='word_1_97' title='bbox 1135 1297 1272 1339; x_wconf 88' lang='lat' dir='ltr'>adhuc</span> <span class='ocrx_word' id='word_1_98' title='bbox 1298 1306 1406 1340; x_wconf 85' lang='lat' dir='ltr'>esset</span> <span class='ocrx_word' id='word_1_99' title='bbox 1422 1299 1509 1341; x_wconf 89' lang='lat' dir='ltr'>Ec—</span> 
     </span>
     <span class='ocr_line' id='line_1_14' title="bbox 141 1361 1511 1420; baseline 0.001 -15"><span class='ocrx_word' id='word_1_100' title='bbox 141 1362 375 1406; x_wconf 89' lang='lat' dir='ltr'>clesiastico</span> <span class='ocrx_word' id='word_1_101' title='bbox 414 1362 561 1403; x_wconf 85' lang='lat' dir='ltr'>ordine</span> <span class='ocrx_word' id='word_1_102' title='bbox 602 1361 857 1403; x_wconf 84' lang='lat' dir='ltr'>constitutus</span> <span class='ocrx_word' id='word_1_103' title='bbox 875 1394 885 1410; x_wconf 94' lang='lat'>,</span> <span class='ocrx_word' id='word_1_104' title='bbox 926 1362 977 1403; x_wconf 88' lang='lat' dir='ltr'>ad</span> <span class='ocrx_word' id='word_1_105' title='bbox 1011 1361 1287 1419; x_wconf 82' lang='lat' dir='ltr'>principalem</span> <span class='ocrx_word' id='word_1_106' title='bbox 1327 1365 1511 1420; x_wconf 89' lang='lat' dir='ltr'>palmam</span> 
     </span>
     <span class='ocr_line' id='line_1_15' title="bbox 141 1426 1511 1485; baseline 0 -14"><span class='ocrx_word' id='word_1_107' title='bbox 141 1428 332 1485; x_wconf 88' lang='lat' dir='ltr'>martyrii</span> <span class='ocrx_word' id='word_1_108' title='bbox 355 1442 430 1485; x_wconf 92' lang='lat' dir='ltr'>pro</span> <span class='ocrx_word' id='word_1_109' title='bbox 460 1427 554 1469; x_wconf 83' lang='lat' dir='ltr'>vitae</span> <span class='ocrx_word' id='word_1_110' title='bbox 584 1427 737 1468; x_wconf 85' lang='lat' dir='ltr'>virtute</span> <span class='ocrx_word' id='word_1_111' title='bbox 767 1426 968 1484; x_wconf 80' lang='lat' dir='ltr'>pervenit.</span> <span class='ocrx_word' id='word_1_112' title='bbox 996 1426 1088 1468; x_wconf 90' lang='lat' dir='ltr'>Non</span> <span class='ocrx_word' id='word_1_113' title='bbox 1109 1442 1300 1483; x_wconf 84' lang='lat' dir='ltr'>quaerens</span> <span class='ocrx_word' id='word_1_114' title='bbox 1323 1429 1511 1485; x_wconf 86' lang='lat' dir='ltr'>requiem</span> 
     </span>
     <span class='ocr_line' id='line_1_16' title="bbox 141 1491 1513 1553; baseline 0.001 -17"><span class='ocrx_word' id='word_1_115' title='bbox 141 1502 237 1553; x_wconf 90' lang='lat' dir='ltr'>post</span> <span class='ocrx_word' id='word_1_116' title='bbox 264 1494 479 1540; x_wconf 90' lang='lat' dir='ltr'>laborem,</span> <span class='ocrx_word' id='word_1_117' title='bbox 517 1506 602 1533; x_wconf 92' lang='lat' dir='ltr'>non</span> <span class='ocrx_word' id='word_1_118' title='bbox 632 1491 833 1549; x_wconf 82' lang='lat' dir='ltr'>gaudium</span> <span class='ocrx_word' id='word_1_119' title='bbox 868 1492 1023 1549; x_wconf 83' lang='lat' dir='ltr'>eligens</span> <span class='ocrx_word' id='word_1_120' title='bbox 1055 1501 1149 1549; x_wconf 88' lang='lat' dir='ltr'>post</span> <span class='ocrx_word' id='word_1_121' title='bbox 1181 1495 1402 1542; x_wconf 88' lang='lat' dir='ltr'>sudorem,</span> <span class='ocrx_word' id='word_1_122' title='bbox 1437 1496 1513 1538; x_wconf 91' lang='lat' dir='ltr'>sed</span> 
     </span>
     <span class='ocr_line' id='line_1_17' title="bbox 142 1557 1513 1616; baseline 0 -13"><span class='ocrx_word' id='word_1_123' title='bbox 142 1559 390 1604; x_wconf 86' lang='lat' dir='ltr'>craticulam</span> <span class='ocrx_word' id='word_1_124' title='bbox 410 1557 634 1615; x_wconf 84' lang='lat' dir='ltr'>praeferens</span> <span class='ocrx_word' id='word_1_125' title='bbox 655 1557 887 1605; x_wconf 83' lang='lat' dir='ltr'>cathedrae,</span> <span class='ocrx_word' id='word_1_126' title='bbox 908 1557 1054 1599; x_wconf 87' lang='lat' dir='ltr'>ardere</span> <span class='ocrx_word' id='word_1_127' title='bbox 1071 1558 1200 1614; x_wconf 81' lang='lat' dir='ltr'>magis</span> <span class='ocrx_word' id='word_1_128' title='bbox 1221 1560 1367 1607; x_wconf 84' lang='lat' dir='ltr'>voluit,</span> <span class='ocrx_word' id='word_1_129' title='bbox 1385 1575 1513 1616; x_wconf 90' lang='lat' dir='ltr'>quam</span> 
     </span>
     <span class='ocr_line' id='line_1_18' title="bbox 147 1621 1512 1681; baseline 0.001 -14"><span class='ocrx_word' id='word_1_130' title='bbox 147 1626 308 1668; x_wconf 87' lang='lat' dir='ltr'>sedere.</span> <span class='ocrx_word' id='word_1_131' title='bbox 336 1623 517 1667; x_wconf 86' lang='lat' dir='ltr'>Noverat</span> <span class='ocrx_word' id='word_1_132' title='bbox 538 1621 650 1664; x_wconf 83' lang='lat' dir='ltr'>enim</span> <span class='ocrx_word' id='word_1_133' title='bbox 673 1623 723 1664; x_wconf 87' lang='lat' dir='ltr'>ab</span> <span class='ocrx_word' id='word_1_134' title='bbox 751 1622 952 1680; x_wconf 85' lang='lat' dir='ltr'>Apostolo</span> <span class='ocrx_word' id='word_1_135' title='bbox 974 1638 1063 1665; x_wconf 86' lang='lat' dir='ltr'>esse</span> <span class='ocrx_word' id='word_1_136' title='bbox 1086 1633 1343 1681; x_wconf 86' lang='lat' dir='ltr'>praeceptum</span> <span class='ocrx_word' id='word_1_137' title='bbox 1364 1641 1373 1666; x_wconf 74' lang='grc' dir='ltr'><strong><em>ε</em></strong></span> <span class='ocrx_word' id='word_1_138' title='bbox 1392 1644 1406 1663; x_wconf 78' lang='lat'>«</span> <span class='ocrx_word' id='word_1_139' title='bbox 1428 1626 1512 1678; x_wconf 89' lang='lat' dir='ltr'>Qui</span> 
     </span>
     <span class='ocr_line' id='line_1_19' title="bbox 144 1689 1511 1746; baseline 0.002 -15"><span class='ocrx_word' id='word_1_140' title='bbox 144 1692 282 1733; x_wconf 77' lang='lat' dir='ltr'>»bene</span> <span class='ocrx_word' id='word_1_141' title='bbox 313 1689 610 1732; x_wconf 84' lang='lat' dir='ltr'>ministraverit</span> <span class='ocrx_word' id='word_1_142' title='bbox 634 1689 795 1730; x_wconf 90' lang='lat' dir='ltr'>bonum</span> <span class='ocrx_word' id='word_1_143' title='bbox 823 1690 1000 1745; x_wconf 84' lang='lat' dir='ltr'>gradum</span> <span class='ocrx_word' id='word_1_144' title='bbox 1029 1689 1108 1731; x_wconf 89' lang='lat' dir='ltr'>sibi</span> <span class='ocrx_word' id='word_1_145' title='bbox 1140 1691 1370 1746; x_wconf 86' lang='lat' dir='ltr'>acquiret¹.</span> <span class='ocrx_word' id='word_1_146' title='bbox 1401 1693 1511 1735; x_wconf 90' lang='lat' dir='ltr'>»Ac-</span> 
     </span>
     <span class='ocr_line' id='line_1_20' title="bbox 144 1753 1511 1813; baseline 0.001 -15"><span class='ocrx_word' id='word_1_147' title='bbox 144 1757 282 1813; x_wconf 87' lang='lat' dir='ltr'>quiret</span> <span class='ocrx_word' id='word_1_148' title='bbox 309 1757 460 1813; x_wconf 88' lang='lat' dir='ltr'>plane,</span> <span class='ocrx_word' id='word_1_149' title='bbox 491 1769 578 1796; x_wconf 91' lang='lat' dir='ltr'>non</span> <span class='ocrx_word' id='word_1_150' title='bbox 607 1762 693 1796; x_wconf 91' lang='lat' dir='ltr'>tam</span> <span class='ocrx_word' id='word_1_151' title='bbox 725 1754 767 1796; x_wconf 91' lang='lat' dir='ltr'>in</span> <span class='ocrx_word' id='word_1_152' title='bbox 798 1754 992 1811; x_wconf 85' lang='lat' dir='ltr'>praesenti</span> <span class='ocrx_word' id='word_1_153' title='bbox 1021 1753 1104 1809; x_wconf 79' lang='lat' dir='ltr'>hoe</span> <span class='ocrx_word' id='word_1_154' title='bbox 1136 1756 1289 1797; x_wconf 86' lang='lat' dir='ltr'>saeculo</span> <span class='ocrx_word' id='word_1_155' title='bbox 1320 1772 1445 1813; x_wconf 89' lang='lat' dir='ltr'>quam</span> <span class='ocrx_word' id='word_1_156' title='bbox 1469 1758 1511 1800; x_wconf 91' lang='lat' dir='ltr'>in</span> 
     </span>
     <span class='ocr_line' id='line_1_21' title="bbox 144 1819 1511 1871; baseline 0.001 -7"><span class='ocrx_word' id='word_1_157' title='bbox 144 1823 286 1865; x_wconf 85' lang='lat' dir='ltr'>futuro</span> <span class='ocrx_word' id='word_1_158' title='bbox 301 1855 310 1871; x_wconf 93' lang='lat'>,</span> <span class='ocrx_word' id='word_1_159' title='bbox 343 1836 419 1863; x_wconf 91' lang='lat' dir='ltr'>nec</span> <span class='ocrx_word' id='word_1_160' title='bbox 441 1829 486 1862; x_wconf 87' lang='lat' dir='ltr'>ut</span> <span class='ocrx_word' id='word_1_161' title='bbox 507 1821 576 1862; x_wconf 79' lang='lat' dir='ltr'>hic</span> <span class='ocrx_word' id='word_1_162' title='bbox 601 1829 764 1862; x_wconf 87' lang='lat' dir='ltr'>tantum</span> <span class='ocrx_word' id='word_1_163' title='bbox 786 1821 952 1870; x_wconf 87' lang='lat' dir='ltr'>sedeat,</span> <span class='ocrx_word' id='word_1_164' title='bbox 981 1821 1050 1862; x_wconf 91' lang='lat' dir='ltr'>ubi</span> <span class='ocrx_word' id='word_1_165' title='bbox 1074 1819 1230 1863; x_wconf 89' lang='lat' dir='ltr'>Scribae</span> <span class='ocrx_word' id='word_1_166' title='bbox 1254 1831 1295 1864; x_wconf 89' lang='lat' dir='ltr'>et</span> <span class='ocrx_word' id='word_1_167' title='bbox 1315 1822 1511 1866; x_wconf 85' lang='lat' dir='ltr'>Pharisaei</span> 
     </span>
     <span class='ocr_line' id='line_1_22' title="bbox 145 1885 1513 1945; baseline 0 -15"><span class='ocrx_word' id='word_1_168' title='bbox 145 1887 443 1945; x_wconf 86' lang='lat' dir='ltr'>reprobantur,</span> <span class='ocrx_word' id='word_1_169' title='bbox 463 1885 536 1927; x_wconf 88' lang='lat' dir='ltr'>sed</span> <span class='ocrx_word' id='word_1_170' title='bbox 553 1885 637 1927; x_wconf 92' lang='lat' dir='ltr'>illic</span> <span class='ocrx_word' id='word_1_171' title='bbox 655 1885 791 1942; x_wconf 88' lang='lat' dir='ltr'>potius</span> <span class='ocrx_word' id='word_1_172' title='bbox 805 1918 814 1934; x_wconf 87' lang='lat'>‚</span> <span class='ocrx_word' id='word_1_173' title='bbox 840 1885 909 1926; x_wconf 85' lang='lat' dir='ltr'>ubi</span> <span class='ocrx_word' id='word_1_174' title='bbox 929 1900 1002 1942; x_wconf 85' lang='lat' dir='ltr'>per</span> <span class='ocrx_word' id='word_1_175' title='bbox 1018 1885 1289 1942; x_wconf 84' lang='lat' dir='ltr'>Evangelium</span> <span class='ocrx_word' id='word_1_176' title='bbox 1308 1886 1513 1930; x_wconf 88' lang='lat' dir='ltr'>Dominus</span> 
     </span>
     <span class='ocr_line' id='line_1_23' title="bbox 144 1949 1513 2011; baseline 0 -16"><span class='ocrx_word' id='word_1_177' title='bbox 144 1951 401 2011; x_wconf 86' lang='lat' dir='ltr'>repromittit</span> <span class='ocrx_word' id='word_1_178' title='bbox 422 1951 565 1993; x_wconf 89' lang='lat' dir='ltr'>dicens</span> <span class='ocrx_word' id='word_1_179' title='bbox 587 1965 596 1992; x_wconf 69' lang='grc' dir='ltr'>ι</span> <span class='ocrx_word' id='word_1_180' title='bbox 615 1968 629 1988; x_wconf 81' lang='grc' dir='ltr'>α</span> <span class='ocrx_word' id='word_1_181' title='bbox 653 1949 860 1992; x_wconf 87' lang='lat' dir='ltr'>Sedebitis</span> <span class='ocrx_word' id='word_1_182' title='bbox 882 1958 924 1991; x_wconf 88' lang='lat' dir='ltr'>et</span> <span class='ocrx_word' id='word_1_183' title='bbox 951 1964 1022 1992; x_wconf 90' lang='lat' dir='ltr'>vos</span> <span class='ocrx_word' id='word_1_184' title='bbox 1049 1965 1175 2006; x_wconf 89' lang='lat' dir='ltr'>super</span> <span class='ocrx_word' id='word_1_185' title='bbox 1202 1951 1426 1995; x_wconf 87' lang='lat' dir='ltr'>duodecim</span> <span class='ocrx_word' id='word_1_186' title='bbox 1449 1968 1513 1995; x_wconf 89' lang='lat' dir='ltr'>se-</span> 
     </span>
     <span class='ocr_line' id='line_1_24' title="bbox 146 2016 1509 2075; baseline 0.001 -16"><span class='ocrx_word' id='word_1_187' title='bbox 146 2020 273 2067; x_wconf 81' lang='lat' dir='ltr'>»des,</span> <span class='ocrx_word' id='word_1_188' title='bbox 297 2017 536 2075; x_wconf 89' lang='lat' dir='ltr'>judicantes</span> <span class='ocrx_word' id='word_1_189' title='bbox 559 2016 781 2058; x_wconf 87' lang='lat' dir='ltr'>duodecim</span> <span class='ocrx_word' id='word_1_190' title='bbox 804 2016 938 2057; x_wconf 87' lang='lat' dir='ltr'>tribus</span> <span class='ocrx_word' id='word_1_191' title='bbox 966 2016 1134 2057; x_wconf 69' lang='lat' dir='ltr'>Israel⁷³.</span> <span class='ocrx_word' id='word_1_192' title='bbox 1159 2035 1174 2055; x_wconf 77' lang='lat' dir='ltr'>n</span> <span class='ocrx_word' id='word_1_193' title='bbox 1196 2018 1321 2059; x_wconf 84' lang='lat' dir='ltr'>Istam</span> <span class='ocrx_word' id='word_1_194' title='bbox 1351 2020 1509 2068; x_wconf 88' lang='lat' dir='ltr'>sedem,</span> 
     </span>
     <span class='ocr_line' id='line_1_25' title="bbox 146 2081 1513 2137; baseline -0.001 -10"><span class='ocrx_word' id='word_1_195' title='bbox 146 2085 267 2127; x_wconf 91' lang='lat' dir='ltr'>istam</span> <span class='ocrx_word' id='word_1_196' title='bbox 292 2082 559 2135; x_wconf 87' lang='lat' dir='ltr'>cathedram,</span> <span class='ocrx_word' id='word_1_197' title='bbox 590 2081 710 2123; x_wconf 87' lang='lat' dir='ltr'>istam</span> <span class='ocrx_word' id='word_1_198' title='bbox 742 2081 1031 2123; x_wconf 86' lang='lat' dir='ltr'>admirabilem</span> <span class='ocrx_word' id='word_1_199' title='bbox 1060 2082 1246 2137; x_wconf 90' lang='lat' dir='ltr'>requiem</span> <span class='ocrx_word' id='word_1_200' title='bbox 1265 2083 1513 2127; x_wconf 85' lang='lat' dir='ltr'>Laurentius</span> 
     </span>
     <span class='ocr_line' id='line_1_26' title="bbox 146 2146 1512 2207; baseline -0.001 -14"><span class='ocrx_word' id='word_1_201' title='bbox 146 2148 418 2207; x_wconf 78' lang='lat' dir='ltr'>expectabat,</span> <span class='ocrx_word' id='word_1_202' title='bbox 453 2147 632 2203; x_wconf 89' lang='lat' dir='ltr'>ideoque</span> <span class='ocrx_word' id='word_1_203' title='bbox 659 2146 868 2202; x_wconf 82' lang='lat' dir='ltr'>patienter</span> <span class='ocrx_word' id='word_1_204' title='bbox 900 2155 941 2188; x_wconf 86' lang='lat' dir='ltr'>et</span> <span class='ocrx_word' id='word_1_205' title='bbox 971 2146 1135 2191; x_wconf 80' lang='lat' dir='ltr'>fortiter</span> <span class='ocrx_word' id='word_1_206' title='bbox 1164 2148 1275 2190; x_wconf 90' lang='lat' dir='ltr'>illata</span> <span class='ocrx_word' id='word_1_207' title='bbox 1307 2149 1512 2206; x_wconf 90' lang='lat' dir='ltr'>supplicia</span> 
     </span>
     <span class='ocr_line' id='line_1_27' title="bbox 146 2210 1512 2273; baseline 0.001 -17"><span class='ocrx_word' id='word_1_208' title='bbox 146 2213 399 2273; x_wconf 84' lang='lat' dir='ltr'>perferebat.</span> <span class='ocrx_word' id='word_1_209' title='bbox 443 2210 658 2268; x_wconf 84' lang='lat' dir='ltr'>Superiori</span> <span class='ocrx_word' id='word_1_210' title='bbox 696 2211 860 2268; x_wconf 82' lang='lat' dir='ltr'>vigente</span> <span class='ocrx_word' id='word_1_211' title='bbox 904 2212 965 2267; x_wconf 82' lang='grc' dir='ltr'>(ι)</span> <span class='ocrx_word' id='word_1_212' title='bbox 1005 2212 1216 2254; x_wconf 86' lang='lat' dir='ltr'>desiderio</span> <span class='ocrx_word' id='word_1_213' title='bbox 1233 2247 1241 2261; x_wconf 90' lang='lat'>,</span> <span class='ocrx_word' id='word_1_214' title='bbox 1285 2215 1512 2271; x_wconf 87' lang='lat' dir='ltr'>suppositis</span> 
     </span>
     <span class='ocr_line' id='line_1_28' title="bbox 148 2276 1512 2337; baseline 0.001 -16"><span class='ocrx_word' id='word_1_215' title='bbox 148 2278 315 2337; x_wconf 83' lang='lat' dir='ltr'>ignibus</span> <span class='ocrx_word' id='word_1_216' title='bbox 339 2292 425 2319; x_wconf 90' lang='lat' dir='ltr'>non</span> <span class='ocrx_word' id='word_1_217' title='bbox 451 2276 659 2324; x_wconf 82' lang='lat' dir='ltr'>cedebat3</span> <span class='ocrx_word' id='word_1_218' title='bbox 693 2277 793 2319; x_wconf 87' lang='lat' dir='ltr'>dum</span> <span class='ocrx_word' id='word_1_219' title='bbox 820 2277 932 2318; x_wconf 91' lang='lat' dir='ltr'>enim</span> <span class='ocrx_word' id='word_1_220' title='bbox 958 2278 1076 2319; x_wconf 88' lang='lat' dir='ltr'>ardet</span> <span class='ocrx_word' id='word_1_221' title='bbox 1100 2277 1253 2320; x_wconf 89' lang='lat' dir='ltr'>Christi</span> <span class='ocrx_word' id='word_1_222' title='bbox 1277 2279 1485 2322; x_wconf 88' lang='lat' dir='ltr'>desiderio</span> <span class='ocrx_word' id='word_1_223' title='bbox 1501 2315 1512 2330; x_wconf 90' lang='lat'><em>‚</em></span> 
     </span>
     <span class='ocr_line' id='line_1_29' title="bbox 149 2341 1514 2402; baseline 0.001 -17"><span class='ocrx_word' id='word_1_224' title='bbox 149 2342 428 2402; x_wconf 89' lang='lat' dir='ltr'>persecutoris</span> <span class='ocrx_word' id='word_1_225' title='bbox 465 2356 586 2399; x_wconf 84' lang='lat' dir='ltr'>poena</span> <span class='ocrx_word' id='word_1_226' title='bbox 622 2356 707 2383; x_wconf 90' lang='lat' dir='ltr'>non</span> <span class='ocrx_word' id='word_1_227' title='bbox 746 2342 878 2384; x_wconf 87' lang='lat' dir='ltr'>ardet.</span> <span class='ocrx_word' id='word_1_228' title='bbox 925 2341 1140 2393; x_wconf 84' lang='lat' dir='ltr'>Quantum</span> <span class='ocrx_word' id='word_1_229' title='bbox 1180 2351 1319 2385; x_wconf 88' lang='lat' dir='ltr'>autem</span> <span class='ocrx_word' id='word_1_230' title='bbox 1349 2344 1389 2385; x_wconf 92' lang='lat' dir='ltr'>in</span> <span class='ocrx_word' id='word_1_231' title='bbox 1418 2359 1514 2387; x_wconf 90' lang='lat' dir='ltr'>eum</span> 
     </span>
     <span class='ocr_line' id='line_1_30' title="bbox 152 2406 1509 2466; baseline 0.001 -15"><span class='ocrx_word' id='word_1_232' title='bbox 152 2424 270 2454; x_wconf 87' lang='lat' dir='ltr'>amor</span> <span class='ocrx_word' id='word_1_233' title='bbox 297 2407 395 2451; x_wconf 85' lang='lat' dir='ltr'>fidei</span> <span class='ocrx_word' id='word_1_234' title='bbox 434 2406 610 2460; x_wconf 87' lang='lat' dir='ltr'>crescit,</span> <span class='ocrx_word' id='word_1_235' title='bbox 646 2407 688 2448; x_wconf 92' lang='lat' dir='ltr'>in</span> <span class='ocrx_word' id='word_1_236' title='bbox 719 2415 881 2450; x_wconf 85' lang='lat' dir='ltr'>tantum</span> <span class='ocrx_word' id='word_1_237' title='bbox 905 2408 1099 2466; x_wconf 87' lang='lat' dir='ltr'>supplicii</span> <span class='ocrx_word' id='word_1_238' title='bbox 1120 2407 1288 2451; x_wconf 85' lang='lat' dir='ltr'>flamma</span> <span class='ocrx_word' id='word_1_239' title='bbox 1311 2409 1509 2466; x_wconf 82' lang='lat' dir='ltr'>frigescit.</span> 
     </span>
    </p>
   </div>
   <div class='ocr_carea' id='block_1_5' title="bbox 200 2520 884 2567">
    <p class='ocr_par' dir='ltr' id='par_1_5' title="bbox 200 2520 884 2567">
     <span class='ocr_line' id='line_1_31' title="bbox 200 2520 884 2567; baseline -0.003 -12"><span class='ocrx_word' id='word_1_240' title='bbox 200 2525 211 2546; x_wconf 85' lang='lat'>¹</span> <span class='ocrx_word' id='word_1_241' title='bbox 234 2535 246 2554; x_wconf 80' lang='grc' dir='ltr'><em>ι</em></span> <span class='ocrx_word' id='word_1_242' title='bbox 269 2524 352 2557; x_wconf 88' lang='lat' dir='ltr'>Tim.</span> <span class='ocrx_word' id='word_1_243' title='bbox 375 2534 428 2567; x_wconf 78' lang='grc' dir='ltr'>ιιι,</span> <span class='ocrx_word' id='word_1_244' title='bbox 449 2524 501 2557; x_wconf 84' lang='lat'>13.</span> <span class='ocrx_word' id='word_1_245' title='bbox 522 2520 598 2546; x_wconf 81' lang='lat'>—2</span> <span class='ocrx_word' id='word_1_246' title='bbox 613 2521 884 2558; x_wconf 73' lang='lat' dir='ltr'>Matth.x1x,28.</span> 
     </span>
    </p>
   </div>
   <div class='ocr_carea' id='block_1_6' title="bbox 204 2604 779 2648">
    <p class='ocr_par' dir='ltr' id='par_1_6' title="bbox 204 2604 779 2648">
     <span class='ocr_line' id='line_1_32' title="bbox 204 2604 779 2648; baseline 0 -12"><span class='ocrx_word' id='word_1_247' title='bbox 204 2605 251 2648; x_wconf 85' lang='lat'>(1)</span> <span class='ocrx_word' id='word_1_248' title='bbox 265 2605 344 2637; x_wconf 88' lang='lat' dir='ltr'>Cod.</span> <span class='ocrx_word' id='word_1_249' title='bbox 362 2607 430 2636; x_wconf 71' lang='lat' dir='ltr'>vice</span> <span class='ocrx_word' id='word_1_250' title='bbox 449 2605 527 2636; x_wconf 81' lang='lat' dir='ltr'>boni</span> <span class='ocrx_word' id='word_1_251' title='bbox 544 2604 663 2647; x_wconf 81' lang='lat' dir='ltr'>absque</span> <span class='ocrx_word' id='word_1_252' title='bbox 677 2615 779 2636; x_wconf 73' lang='lat' dir='ltr'>sensu.</span> 
     </span>
    </p>
   </div>
  </div>
 </body>
</html>
