1868 3301
332 220 426 278 384
590 238 623 266 s.
667 236 913 270 AUGUSTINI
949 238 1151 270 EPISCOPI
1190 238 1427 272 APPEme.

331 304 475 347 statuit
497 304 714 361 parvulum
733 337 742 353 ,
769 306 999 347 Martialem
1024 306 1292 363 nominc(1)‚
1317 308 1386 363 qui
1406 315 1550 365 postea
1572 307 1701 364 Apos-

329 371 514 411 tolorum
539 368 767 425 discipulus
789 370 888 411 suit.
916 370 953 410 iu
980 370 1118 411 medio
1154 386 1297 412 eorum
1318 406 1326 419 ‚
1352 380 1393 413 et
1415 373 1517 414 dixit
1552 388 1592 413 :«
1617 372 1700 423 Qui

327 450 441 476 »non
475 433 757 475 humiliaverit
795 451 837 476 se
873 435 982 476 sicut
1003 436 1203 492 parvulus
1231 437 1330 485 iste,
1357 453 1437 479 non
1464 438 1638 479 intrabit
1660 438 1700 478 in

329 523 341 537 »a
357 515 532 557 regnum
557 501 810 541 coelorum.»
857 502 916 542 Ac
940 501 971 541 si
998 501 1111 542 dicat
1135 501 1328 556 Magister
1365 518 1374 544 :
1413 504 1495 554 Qui
1520 518 1599 544 non
1623 503 1703 544 erit

327 565 497 608 humilis
527 565 588 619 (2)
612 564 821 606 beneficio
845 567 1008 608 virtutis
1025 600 1034 614 ‚
1060 567 1249 609 sicuthic
1270 570 1466 624 parvulus
1496 567 1701 611 beneficio

326 631 480 678 natatis,
501 645 587 672 non
613 630 786 671 intrabit
803 631 844 671 in
865 647 1041 688 rognum
1056 633 1275 674 coelorum.
1295 633 1413 674 Salva
1434 642 1570 676 tamen
1587 634 1703 675 omni

327 695 559 739 reverentia
586 696 810 737 Salvatoris
832 728 842 744 ,
869 705 1044 752 possunt
1070 696 1160 738 haec
1196 697 1317 738 verba
1345 699 1602 740 solemnitati
1625 699 1699 739 ho-

328 763 483 805 diernae
514 776 699 817 congrue
727 762 966 803 convenire.
996 761 1098 804 Nam
1134 763 1232 803 licet
1258 763 1546 805 sanctissimus
1580 763 1702 805 Nico-

331 828 420 869 laus
441 826 643 883 Myrensis
667 826 889 882 episcopus
911 826 995 882 jam
1025 828 1143 867 aunis
1170 835 1339 868 centum
1363 828 1446 869 sint
1468 844 1517 869 ex
1538 843 1623 883 quo
1640 828 1698 883 (5)

331 908 349 934 a
372 894 526 934 saeculo
549 891 759 947 migravit,
778 892 958 947 gloriose
972 900 1108 933 tamen
1129 891 1218 947 ojus
1243 894 1442 934 memoria
1461 909 1542 934 nou
1567 895 1701 934 solum

331 957 603 1005 Christianis,
633 958 706 998 sed
741 957 866 997 etiam
890 956 1048 998 Judaeis
1080 957 1257 1013 gloriosa
1281 958 1474 999 habetur.
1515 958 1702 999 Ecclesia

326 1039 508 1080 namque
531 1031 674 1064 sancta
692 1054 701 1069 ‚
722 1024 833 1063 velut
858 1023 965 1064 acies
988 1021 1222 1069 ordinata¹‚
1248 1024 1288 1064 in
1313 1024 1400 1065 acie
1423 1024 1701 1080 praeliantium

327 1090 540 1148 praemittit
554 1089 762 1135 fortiores,
780 1090 818 1129 in
834 1088 915 1130 stne
928 1090 1095 1130 ordinat
1109 1089 1374 1137 fortissimos,
1389 1091 1483 1131 etin
1496 1090 1634 1132 medio
1646 1090 1705 1145 (4)

329 1157 525 1215 pavid0s3
548 1156 607 1197 sic
630 1155 670 1196 in
698 1163 837 1196 nostra
863 1165 1006 1196 sancta
1032 1155 1243 1212 primitiva
1269 1155 1454 1196 Ecclesia
1477 1155 1703 1197 sortessue-

330 1227 433 1264 runt
455 1224 546 1279 (5),
582 1221 652 1277 qui
677 1221 832 1278 primos
858 1221 1038 1277 impetus
1064 1221 1162 1262 belli
1190 1222 1306 1262 istius
1329 1221 1469 1262 saeculi
1498 1221 1705 1263 sustinue-

327 1297 449 1335 runt,
475 1288 544 1344 qui
566 1287 798 1328 Ecclesiam
823 1286 897 1327 Dei
919 1287 1053 1342 primo
1076 1287 1357 1328 fundaverunt
1380 1287 1582 1344 sanguine
1608 1302 1700 1335 suo;

329 1355 371 1396 in
391 1353 474 1396 fine
496 1362 621 1395 erunt
642 1352 855 1394 fortissimi
879 1384 889 1398 ,
915 1368 1095 1409 quorum
1131 1353 1210 1394 erit
1233 1361 1345 1393 tanta
1377 1353 1437 1407 (G)
1462 1353 1699 1400 tribulatio,

330 1421 449 1477 quod
474 1418 533 1475 (7)
556 1452 564 1466 ,
591 1419 620 1459 si
636 1417 724 1459 sieri
750 1417 910 1475 possit,
931 1419 1217 1459 movebuntur
1240 1419 1314 1475 ipsi
1334 1419 1482 1460 electi²
1504 1436 1514 1466 ;
1537 1428 1704 1476 tempo-

328 1487 445 1528 ribus
468 1501 565 1526 vero
584 1485 734 1526 nostris
758 1499 858 1540 gens
876 1487 1066 1540 quaedam
1088 1493 1172 1531 est,
1195 1485 1314 1538 cujus
1326 1500 1419 1541 pars
1448 1485 1514 1526 vix
1531 1487 1704 1527 credere

331 1550 508 1596 sufficit;
537 1550 630 1590 ideo
651 1559 849 1605 tanquam
890 1550 1048 1590 debiles
1070 1558 1111 1590 et
1139 1550 1301 1605 pavidi,
1339 1550 1460 1606 positi
1486 1565 1629 1592 sumus
1662 1551 1701 1591 in

330 1617 470 1659 medio
488 1614 765 1672 praeliantiuu}
782 1648 791 1660 ,
819 1615 979 1656 >cilicet
1007 1614 1368 1671 interApostolos‚
1387 1615 1647 1657 patriarchas
1662 1624 1705 1657 et

326 1681 558 1738 Prophetas
572 1714 580 1728 ‚
603 1688 644 1721 et
661 1679 731 1735 qui
751 1694 824 1720 nos
837 1688 1067 1735 sequentur
1081 1679 1292 1719 fortissimi
1311 1680 1570 1736 temporibus
1581 1679 1703 1722 Anti-

330 1747 491 1790 christi.
522 1747 586 1788 Ad
610 1761 681 1787 vos
706 1754 864 1793 tamen,
892 1745 961 1801 qui
989 1745 1150 1786 debiles
1173 1745 1271 1786 estis
1288 1777 1297 1792 ,
1326 1745 1451 1787 hodie
1471 1754 1605 1787 mater
1630 1746 1703 1788 Ec-

329 1814 453 1856 clesia
477 1814 648 1861 clamat,
669 1812 985 1853 sicutmaterad
1006 1810 1131 1860 filios,
1152 1819 1350 1867 tanquam
1364 1826 1468 1852 uxor
1485 1813 1535 1853 ad
1555 1812 1704 1866 virum,

329 1890 531 1936 tanquam
558 1879 758 1935 magister
782 1879 833 1918 ad
873 1877 1122 1934 discipulos,
1156 1876 1280 1918 verba
1313 1892 1404 1933 quae
1426 1892 1475 1918 ex
1498 1892 1570 1919 ore
1609 1893 1703 1919 meo

330 1945 504 1987 audistis
530 1944 667 1995 :«Qui
690 1958 773 1985 non
795 1942 1077 1984 humiliaverit
1100 1957 1142 1982 se
1162 1949 1286 1988 ete.»
1304 1956 1350 1983 ac
1367 1942 1399 1983 si
1429 1942 1541 1983 dicat
1559 1951 1703 1984 sancta

330 2019 465 2053 mater
486 2009 671 2051 Ecclesia
695 2025 703 2050 :
731 2008 793 2051 Tu
816 2009 884 2065 qui
907 2007 1114 2064 superbus
1148 2022 1190 2048 es
1208 2039 1217 2054 ,
1250 2007 1389 2063 aspice
1412 2007 1527 2048 hunc
1550 2023 1702 2064 parvu-

327 2077 415 2119 lum
459 2074 541 2132 jam
585 2075 808 2117 sanctitate
842 2075 1033 2130 plenum,
1065 2071 1149 2128 jam
1179 2072 1432 2114 abstinentia
1456 2074 1703 2115 decoratum

329 2143 370 2185 in
395 2142 515 2185 cunis
541 2142 623 2197 (8),
643 2140 726 2198 jam
748 2140 983 2181 humilitate
1011 2138 1242 2195 perfectum
1268 2138 1307 2178 in
1326 2139 1470 2195 gratia.

386 2208 439 2250 ΙΙ.
478 2207 656 2264 Erigite,
701 2206 847 2262 erigite
869 2206 1014 2248 oculos
1044 2204 1196 2245 mentis
1220 2212 1388 2248 vestrae,
1415 2219 1439 2245 0
1462 2219 1532 2246 vos
1557 2206 1703 2247 mundi

374 2322 385 2343 ¹
402 2322 556 2359 Can1.v1‚
573 2323 603 2352 3,
619 2338 663 2345 -
676 2319 693 2342 ²
713 2319 933 2356 Matth.xx1v,
950 2326 1003 2355 24.

371 2411 420 2452 (ι)
441 2409 505 2441 Diu
519 2409 638 2441 credita
652 2415 698 2440 est
711 2408 779 2441 haec
800 2408 904 2440 fabula
920 2407 959 2439 de
975 2413 1082 2439 sancto
1096 2406 1249 2442 Martiali,
1268 2416 1340 2447 quae
1357 2415 1440 2436 nunc
1455 2404 1580 2447 penitus
1593 2407 1705 2449 explo-

326 2466 427 2499 ditur.
446 2485 489 2490 —
506 2468 552 2507 (2)
575 2466 651 2498 Cocl.
671 2466 796 2498 similis.
813 2484 855 2489 —-
877 2460 926 2509 (3)
948 2464 999 2495 Id.
1018 2464 1115 2506 quod.
1135 2482 1169 2487 --
1193 2460 1245 2508 (4)
1261 2464 1299 2492 In
1311 2460 1381 2492 cod.
1396 2459 1482 2491 deest
1495 2460 1527 2490 in
1542 2459 1705 2493 medio.—

324 2524 374 2567 (5)
393 2524 473 2557 Cod.
498 2524 579 2555 male
593 2524 731 2564 fratres.
747 2542 790 2547 —
810 2521 863 2568 (6)
881 2521 929 2553 Id.
946 2530 1023 2553 tam.
1040 2539 1080 2544 —
1099 2519 1148 2563 (7)
1170 2521 1216 2551 Ut
1233 2517 1348 2550 latinus
1374 2517 1457 2548 foret
1473 2527 1595 2556 sermo,
1619 2519 1701 2551 scri-

329 2580 473 2614 bendum
493 2580 604 2612 fuisset
621 2589 699 2614 ut...
718 2587 914 2613 moveantur.
934 2596 980 2602 -
995 2577 1044 2621 (8)
1061 2577 1144 2613 Cod.
1161 2577 1193 2607 in
1208 2586 1303 2606 cuna.
