1885 3284
189 237 330 269 smmo
368 237 409 276 L,
449 236 502 266 nr:
541 235 692 266 peaes.
738 235 865 265 reum
904 235 993 266 sec.
1038 235 1163 266 rit‘rm
1200 234 1400 266 PASCHAE.
1466 218 1555 265 265

189 317 333 345 causas
361 316 639 359 cognoscere,
666 316 747 342 non
778 317 850 358 per
873 300 1125 357 sophismata
1150 301 1239 343 haec
1272 301 1339 342 illa
1362 300 1554 357 probare.

189 368 271 420 Qui
295 368 376 409 hoc
388 368 497 408 enim
518 367 861 424 apprehenderit,
883 366 1168 423 apprehendet
1186 365 1373 412 ruinam,
1393 373 1434 405 et
1451 365 1560 421 ligna

190 433 230 474 in
261 432 427 473 fornace
452 441 598 488 ponet,
640 440 686 472 ut
725 433 865 472 ardeat
898 432 936 472 in
975 431 1041 472 die
1076 431 1324 479 novissimo,
1363 430 1560 484 quoniam

189 497 361 539 seientia
392 497 704 554 «Impinguatus
728 530 736 543 ,
762 497 979 544 dilatatus,
1001 495 1342 538 recalcstravit'.»
1358 496 1456 536 Ideo
1472 494 1562 536 «Li-

191 563 323 620 »gatis
347 563 539 604 manibus
572 570 612 602 ct
637 562 812 618 pedibus
838 562 1115 619 projicientur
1142 561 1181 602 in
1217 561 1409 603 tenebras
1444 568 1561 601 exte-

190 627 391 670 »riores².
420 628 599 685 flgitur,
624 627 796 676 fratres,
823 628 910 670 haec
932 629 989 684 (ι)
1014 627 1224 685 superflua
1243 635 1364 674 sunt,
1397 634 1438 668 et
1469 625 1563 667 ideo

193 692 441 736 dimittenda
476 701 585 735 sunt.
627 693 858 750 Epulemur
899 693 1011 735 enim
1047 692 1234 748 quotidie
1269 691 1485 748 splendide
1523 689 1563 732 in

193 773 336 800 mensa
360 772 573 799 sacrarum
599 757 911 815 Scripturarum
927 790 937 806 ,
957 757 1055 799 etin
1080 758 1165 814 ipsa
1188 771 1334 814 pacem
1356 764 1397 797 et
1419 754 1566 797 saturi-

194 831 322 865 tatem
363 822 623 864 invenientes
639 856 649 871 ,
681 841 694 861 α
718 823 764 864 In
790 823 933 864 labore
956 822 1176 864 hominum
1200 836 1283 863 non
1307 821 1464 863 erimus
1489 852 1499 869 ‚
1525 829 1566 861 et

194 907 210 928 ι»
224 888 388 930 cumeis
404 903 486 930 non
504 887 878 944 flagellabimuffl.»
893 887 975 939 Qui
998 903 1094 930 vcro
1115 887 1372 930 contrarium
1390 886 1565 933 faciunt,

194 951 284 995 salsi
309 952 536 995 Christiani
560 953 727 995 (licendi
751 962 870 1002 sunt,
897 962 939 995 et
964 953 1266 1010 patrimonium
1293 950 1447 993 Christi
1471 966 1565 992 ven·

194 1019 339 1061 dentes
358 1020 661 1076 demerguntur
683 1019 724 1061 in
749 1019 973 1061 infernum.
1000 1019 1321 1077 Amplectamur
1341 1032 1440 1075 ergo
1460 1017 1568 1059 hauc

195 1084 454 1142 Scripturam
470 1117 479 1134 ,
495 1100 619 1142 quam
637 1085 839 1143 Discipuli
858 1085 981 1126 hodie
999 1092 1288 1142 cognoverunt
1307 1084 1347 1125 in
1366 1083 1569 1125 fractione

194 1150 333 1208 panis3
359 1166 454 1193 nam
473 1153 656 1203 almost,
675 1152 883 1209 profunda
895 1160 971 1200 est,
987 1151 1158 1194 humitis
1181 1160 1242 1193 est
1265 1155 1306 1192 et
1328 1151 1463 1208 plana.
1490 1149 1569 1192 Lo-

195 1231 375 1273 quamur
397 1232 495 1275 crgo
514 1219 564 1260 de
581 1232 650 1266 ea,
678 1233 901 1274 pergamus
925 1232 1020 1259 cum
1048 1232 1093 1259 ea
1109 1250 1118 1266 ,
1146 1217 1400 1274 accipiamus
1430 1224 1472 1257 et
1495 1230 1570 1257 co-

196 1297 346 1324 nemur
377 1297 469 1324 eam
507 1282 847 1340 apprehende-rm
890 1283 1003 1324 nulla
1034 1283 1147 1324 enim
1176 1282 1311 1337 major
1341 1290 1428 1329 est,
1456 1281 1570 1322 nulla

195 1346 445 1405 profundior
464 1356 526 1390 est
541 1380 551 1398 ‚
574 1348 686 1389 nulla
710 1348 893 1390 sanctior
911 1357 987 1390 est.
1005 1347 1107 1390 Nam
1126 1363 1200 1405 per
1217 1353 1407 1389 naturam
1432 1361 1572 1389 aseen-

198 1413 298 1455 dere
321 1413 370 1455 ad
394 1428 487 1455 eam
511 1428 594 1455 non
618 1415 865 1471 possumus,
894 1415 965 1455 sed
996 1429 1070 1470 per
1105 1414 1293 1471 gratiam.
1329 1413 1421 1455 Non
1459 1412 1571 1454 enim

196 1478 313 1521 Plato
338 1493 429 1520 eam
454 1479 617 1535 rapuit,
643 1480 716 1520 sed
739 1479 909 1527 Petrus3
943 1494 1029 1520 non
1053 1479 1221 1528 Cicero,
1255 1480 1329 1520 sed
1357 1478 1567 1526 Andreas;

198 1559 284 1586 non
314 1544 583 1592 Aristoteles,
619 1545 692 1586 sed
718 1543 924 1592 Joanues,
952 1544 1098 1586 Petrus
1120 1553 1162 1586 ct
1184 1545 1371 1586 Andreas
1390 1543 1573 1601 piscato-

200 1625 280 1652 res.
307 1609 464 1651 Devota
483 1609 596 1651 enim
616 1617 757 1652 mente
778 1609 1044 1668 peregrinum
1070 1619 1259 1652 nostrum
1283 1610 1408 1652 hodio
1429 1611 1574 1667 depre-

202 1690 362 1723 cemur,
388 1684 435 1717 ut
458 1675 498 1717 in
524 1690 668 1716 mensa
687 1690 770 1716 suae
792 1675 1003 1732 sapientise
1025 1676 1218 1733 dignetur
1241 1691 1316 1718 nos
1339 1674 1513 1718 reficere
1534 1675 1574 1718 in

201 1741 392 1798 praesenti
409 1773 420 1789 ,
450 1749 492 1782 et
509 1740 549 1782 in
572 1740 715 1782 futuro
737 1742 974 1797 gubernare
993 1757 1066 1799 per
1082 1741 1274 1799 gratiam.
1302 1742 1453 1784 Amen.

251 1843 261 1867 ¹
280 1846 379 1877 Dent.
398 1855 510 1885 xxxn,
536 1845 590 1876 15.
606 1862 649 1869 --
669 1842 685 1866 ²
697 1843 816 1877 Matih.
833 1855 910 1887 xxv,
930 1846 986 1878 30.
1004 1864 1045 1869 —
1066 1842 1080 1867 3
1097 1845 1176 1877 Psal.
1190 1856 1291 1883 Lxxu,
1307 1845 1337 1876 5.

254 1923 304 1970 (ι)
320 1925 396 1959 Cod.
414 1926 494 1959 male
509 1927 579 1958 hcec
592 1927 689 1958 enim.
