1885 3284
324 361 413 409 272
596 360 631 387 S.
674 354 915 386 AUGUSTINI
953 352 1154 384 EPISCOPI
1192 353 1427 385 APPENDIX.

321 426 540 485 supposuit
562 422 688 481 capiti
712 437 811 469 suo,
829 430 871 462 et
893 420 1025 462 erexit
1048 419 1087 460 in
1113 419 1296 461 titulum.
1337 419 1468 462 Jacob
1504 419 1694 461 Chi-istus

325 493 493 541 dicitur,
513 491 582 547 qui
604 487 885 546 supplantavit
900 486 1112 527 diabolum
1130 519 1139 533 ,
1167 485 1237 542 qui
1260 486 1398 543 posuit
1418 486 1598 543 lapidem
1617 486 1694 527 sub

326 559 474 615 capite.
515 558 594 599 Per
637 558 764 611 caput
802 552 996 593 divinitas
1029 552 1296 605 designatum
1342 552 1436 593 tulit
1478 553 1659 608 lapidem
1681 585 1691 601 ,

325 624 492 679 quando
515 621 696 664 animam
728 633 844 661 suam
874 617 1073 665 retinuit,
1099 625 1140 658 et
1163 617 1296 658 erexit
1320 632 1410 658 cam
1447 620 1501 672 (ι’)
1531 619 1570 659 in
1595 618 1696 659 titu-

323 690 424 731 lum.

384 754 454 796 ΙΙΙ.
495 753 608 805 Quid
631 766 752 808 erge,
777 747 980 790 hodierna
1001 747 1092 798 die,
1118 748 1267 789 fratres
1292 747 1371 788 mci
1389 780 1398 795 ,
1426 761 1546 803 agere
1571 747 1699 788 debe-

326 835 445 868 mus,
475 819 552 860 uisi
583 819 764 875 gaudere
792 823 833 855 et
869 813 1052 870 epulari,
1092 813 1187 870 quia
1218 812 1346 854 frater
1384 821 1527 853 noster·
1566 813 1699 854 Adam

327 885 509 944 perierat
530 893 571 926 et
592 884 785 924 inventus
809 888 896 927 est,
920 888 1115 922 mortuus
1134 879 1268 920 suerat
1291 887 1332 920 et
1357 877 1556 920 revixit¹P
1587 878 1703 919 Gau-

328 953 499 993 deamus
520 983 531 1000 ‚
570 949 745 991 fratres,
799 944 998 1001 qnoniam
1037 944 1162 986 hodie
1206 944 1476 999 adimpletam
1515 944 1703 985 videmus

328 1015 591 1073 Scripturam
642 1011 949 1068 Prophetarum
974 1044 983 1058 ‚
1030 1009 1284 1052 desiderium
1330 1009 1667 1051 patriarcharum
1690 1025 1700 1056 ;

334 1101 346 1121 ι
376 1083 667 1125 Gaudeamus,
705 1086 745 1119 et
782 1078 1038 1123 exultemus,
1067 1095 1080 1114 »
1117 1075 1315 1133 quoniam
1371 1093 1384 1112 α
1407 1075 1476 1116 hic
1499 1082 1559 1116 cst
1583 1074 1670 1115 dies
1690 1106 1700 1119 .

327 1163 480 1204 »quem
505 1146 604 1187 fecit
628 1141 858 1185 Dominus2
883 1162 896 1179 ι»
926 1141 1090 1183 cunctis
1109 1140 1474 1188 excellentiorem,
1499 1139 1701 1180 universis

325 1214 600 1261 lucidiorem;
632 1210 671 1251 in
695 1225 779 1266 quo
803 1208 1006 1251 Dominus
1036 1207 1263 1249 resurrexit
1285 1240 1293 1253 ‚
1326 1206 1366 1247 in
1392 1220 1475 1261 quo
1495 1221 1568 1247 nos
1593 1205 1700 1246 dita-

326 1280 408 1327 vit,
435 1279 475 1320 in
498 1292 581 1334 quo
604 1290 677 1316 nos
696 1273 926 1330 reparavit.
954 1274 993 1314 in
1008 1288 1091 1328 quo
1113 1273 1191 1313 sibi
1215 1273 1361 1313 stolam
1389 1286 1540 1312 novam
1565 1270 1702 1327 acqui—

326 1344 440 1392 sivit,
466 1343 507 1384 in
526 1356 610 1399 quo
635 1339 824 1381 fidelium
844 1345 1006 1379 mentes
1023 1338 1173 1394 gaudio
1201 1346 1243 1378 et
1275 1336 1532 1378 exultatione
1559 1336 1700 1393 pei-su-

326 1410 406 1456 dit,
427 1407 466 1449 in
493 1421 577 1463 quo
594 1413 634 1446 et
660 1419 735 1446 nos
760 1405 811 1445 ad
830 1418 993 1444 coenam
1011 1406 1292 1459 pergratiam
1317 1401 1497 1443 dulciter
1518 1401 1694 1442 vocavit.

324 1474 396 1514 Eia
421 1488 521 1529 ergo
538 1504 548 1521 ,
578 1471 724 1511 fratres
738 1501 747 1517 ,
764 1487 779 1506 «
793 1468 838 1509 In
861 1467 1047 1508 novitate
1066 1467 1158 1507 vilae
1183 1465 1514 1508 ambulemus³.»
1530 1466 1700 1507 Noviter

325 1539 492 1580 Christo
506 1543 749 1592 resurgente
767 1534 823 1588 (2)
837 1565 845 1579 ‚
862 1533 1025 1574 noviter
1036 1541 1077 1573 et
1089 1547 1162 1573 nos
1175 1547 1442 1588 resurgamus
1456 1532 1506 1573 de
1524 1539 1699 1588 peccato

325 1606 375 1646 ad
399 1603 627 1646 novitatem
652 1602 743 1642 vitre
762 1598 988 1656 spiritualis
1015 1615 1024 1638 ε
1046 1598 1136 1640 haee
1168 1598 1247 1639 vita
1274 1597 1501 1655 gandiam5
1521 1597 1609 1637 liaec
1636 1605 1699 1638 est

324 1685 420 1711 vera
440 1670 502 1725 (5)
527 1668 615 1710 sine
640 1665 922 1712 simulatione,
950 1672 1144 1721 prompta
1173 1663 1261 1704 sine
1294 1662 1580 1710 simulatione,
1612 1671 1696 1704 tota

324 1750 427 1777 nova
441 1734 530 1775 siue
548 1730 880 1788 imperfectione.
898 1730 943 1770 In
969 1729 1152 1770 novitate
1165 1743 1266 1785 ergo
1292 1728 1384 1769 vitm
1411 1727 1694 1776 ambulemus,

323 1800 523 1857 quoniam
537 1807 662 1844 stare,
678 1796 749 1838 ubi
774 1796 965 1837 stetimus
981 1827 990 1842 ‚
1017 1794 1056 1835 in
1077 1794 1285 1835 fermento
1309 1793 1475 1834 maliliae
1493 1801 1533 1834 et
1553 1793 1697 1849 nequi-

319 1866 427 1913 tiae⁶,
452 1864 689 1922 perieulum
711 1870 785 1902 est.
798 1860 931 1902 Vultis
954 1859 1266 1906 scire‚s1¹atres,
1283 1860 1454 1914 quando
1478 1862 1634 1899 stamus
1654 1858 1695 1899 in

319 1931 527 1973 fermento
541 1926 729 1970 malitiae?
742 1926 1110 1980 Quandocumque
1123 1924 1238 1965 enim
1254 1922 1476 1964 latibulum
1495 1932 1695 1979 peccato·

320 2012 414 2039 rum
440 1994 562 2037 nobis
584 1992 784 2035 remansit
806 1991 847 2032 in
871 1990 1134 2032 consessione
1151 2022 1160 2037 ‚
1186 2005 1235 2030 ex
1258 1989 1423 2046 propria
1443 1988 1693 2045 negligentia

323 2063 386 2104 vel
405 2059 560 2103 malitia
575 2092 586 2107 ,
611 2059 676 2100 vel
697 2058 866 2114 quando
888 2071 972 2098 non
999 2055 1204 2097 habemus
1226 2055 1490 2112 propositum
1523 2053 1692 2095 firmum

319 2136 429 2169 stare
450 2126 491 2167 in
506 2125 635 2172 bono,
651 2125 725 2165 sed
746 2121 884 2164 redire
902 2122 954 2163 ad
975 2121 1152 2168 malum,
1172 2129 1274 2162 tunc
1296 2134 1378 2163 non
1394 2119 1693 2176 assumpsimus

319 2193 427 2235 viam
453 2189 649 2233 novitatis
666 2221 676 2237 ,
700 2203 778 2230 nee
799 2187 906 2228 viam
927 2185 1200 2243 poenitentiae.

377 2257 448 2299 IV.
486 2255 769 2298 Discutiamus
791 2267 891 2310 ergo
912 2253 1038 2294 corda
1064 2260 1206 2294 nostra
1222 2284 1230 2300 ,
1254 2251 1423 2299 fratres,
1448 2260 1490 2292 et
1519 2269 1531 2290 a
1552 2252 1596 2293 ln
1619 2269 1693 2295 no-

319 2344 334 2363 »
350 2324 475 2365 vitate
496 2322 590 2364 vitae
609 2321 897 2367 ambulemus,
914 2336 929 2357 ν
945 2327 986 2360 et
1006 2317 1108 2375 quit]
1131 2317 1322 2359 Christus
1344 2316 1504 2374 egerit,
1528 2317 1691 2361 sortiter

319 2389 598 2431 attendamus.
627 2386 742 2438 Quid
759 2386 870 2428 enim
893 2384 977 2442 egit
995 2383 1014 2424 P
1037 2384 1199 2426 Facere
1217 2383 1375 2431 voluit,
1399 2392 1441 2426 et
1461 2393 1606 2441 postea
1620 2386 1689 2428 do-

318 2451 544 2502 cere⁵;sed
562 2452 690 2494 timeo
705 2484 715 2499 ‚
742 2465 793 2492 ne
812 2465 887 2493 nos
905 2449 964 2492 sic
984 2448 1202 2491 faciamus.
1224 2448 1306 2491 Nos
1328 2448 1507 2505 denique
1528 2451 1597 2507 qui
1617 2466 1688 2494 su-

366 2570 373 2587 ¹
391 2570 467 2599 Luc.
490 2576 543 2607 xv,
565 2575 619 2598 22.
638 2582 679 2588 —
695 2563 709 2585 ²
723 2564 802 2596 Psal.
817 2574 915 2598 cxvu.
931 2573 985 2599 24.
1006 2580 1049 2585 —-
1064 2560 1077 2581 3
1095 2564 1190 2594 Rom.
1213 2572 1255 2602 vn,
1273 2568 1304 2597 4.
1323 2577 1369 2585 —-
1383 2559 1397 2582 ⁴
1420 2573 1432 2591 ι
1453 2562 1529 2595 Cor.
1549 2572 1578 2596 v.
1594 2564 1626 2596 8,
1641 2579 1687 2586 -

314 2623 328 2647 ⁵
347 2627 417 2657 Act.
437 2635 459 2661 1,
482 2634 507 2652 1.

363 2703 415 2751 (ι)
431 2703 509 2738 Cod.
526 2715 606 2736 eum.
622 2723 662 2729 --
682 2701 734 2749 (2)
754 2702 802 2735 Id.
819 2702 959 2736 Christus
976 2711 1158 2743 resurgens.
1172 2717 1217 2724 --
1233 2698 1281 2742 (3)
1296 2698 1344 2733 ld.
1360 2699 1447 2733 vita,
