1885 3284
342 311 436 356 300
604 324 640 355 S.
685 323 931 355 AUGUSTINI
966 324 1172 356 EPISCOPI
1212 325 1449 356 APPENDIX.

345 389 493 445 Angcli
513 390 625 446 quod
639 389 772 431 multo
790 398 979 447 tempore
993 391 1240 447 cupierunt,
1257 391 1465 448 inspicere
1479 392 1719 440 voluerunt,

345 465 538 498 naturam
567 464 748 496 nostram
771 456 809 497 in
829 458 926 497 sede
948 456 1171 498 Dominica
1187 489 1196 504 ‚
1220 456 1543 498 immortalitatis
1560 457 1722 514 fulgen-

345 531 430 563 tem
455 521 585 578 gloria
610 522 879 578 perviderunt
903 523 982 578 (ι).
1013 523 1102 564 1100
1121 522 1232 563 enim
1264 522 1517 564 ass'cctabant
1540 523 1686 579 Auge-li
1710 555 1719 572 ‚

343 587 426 629 hoe
445 586 740 628 desiderabant
760 586 1026 643 Archangeli.
1059 588 1145 629 Etsi
1174 603 1247 630 eos
1270 588 1456 629 humana
1480 597 1626 629 natura
1646 589 1723 629 lar-

346 652 432 708 gito
459 651 534 708 ipsi
569 653 627 708 (2)
655 652 816 693 honore
838 661 1034 709 superat,
1059 661 1199 695 tamen
1218 653 1369 695 nostris
1388 652 1604 695 beneficiis
1627 668 1721 711 gra-

345 718 553 764 tulantur,
587 717 698 759 sicut
731 718 886 758 nostris
915 718 1114 760 dolebant
1137 719 1376 776 suppliciis,
1402 728 1442 760 ct
1465 721 1634 774 quando
1653 734 1724 775 pu-

346 781 584 831 niebamur‚
622 782 749 823 nimia
781 782 947 824 tristitia
976 785 1243 826 tenebantur.
1273 784 1324 825 Et
1358 783 1589 825 Cherubim
1624 784 1725 826 licet

352 845 597 888 Paradisum
630 847 915 897 custodirent,
939 850 1090 890 nostris
1113 858 1251 891 tamen
1271 849 1487 906 suppliciis
1504 849 1725 891 tristaban-

346 920 446 960 tur;
472 921 514 954 et
537 913 645 954 sicut
670 928 896 954 conservus
919 914 1055 956 bonus
1072 947 1082 963 ,
1109 930 1205 957 cum
1232 931 1251 956 a
1275 915 1447 957 domino
1471 929 1724 956 conservum

348 992 469 1019 suum
504 978 829 1020 custodiendum
852 980 1114 1036 susceperit,
1150 980 1351 1022 satisfacit
1373 980 1543 1036 quidem
1583 979 1724 1021 domi—

344 1042 448 1084 nicce
471 1042 663 1098 jussioni,
685 1045 758 1085 sed
781 1052 920 1085 tamen
947 1045 1136 1086 conservi
1169 1060 1289 1102 paena
1315 1044 1444 1086 nimio
1467 1045 1610 1086 dolore
1628 1058 1725 1086 con-

344 1108 510 1156 teritur3
539 1108 693 1149 servitii
719 1110 969 1152 necessitate
992 1110 1280 1159 contristatus,
1302 1110 1442 1152 animo
1460 1124 1544 1150 non
1567 1109 1725 1167 respuit

345 1173 617 1221 charitatem3
644 1174 702 1215 sic
725 1184 765 1216 et
792 1174 1024 1217 Cherubim
1052 1185 1295 1218 meruerant
1316 1176 1488 1232 quidem
1512 1175 1724 1216 custodire

345 1238 613 1288 Paradisum,
633 1240 704 1280 sed
727 1240 927 1282 dolebant
949 1241 1163 1282 hominem
1178 1243 1240 1297 (5)
1269 1241 1499 1283 custodire.
1518 1240 1569 1281 Et
1585 1248 1630 1281 ut
1645 1240 1724 1281 hoc

344 1303 466 1345 facile
490 1304 619 1360 possis
642 1306 860 1346 advertere
879 1322 929 1347 ex
951 1306 1172 1348 hominum
1197 1307 1416 1348 ass'ectione
1438 1304 1719 1361 condisce(4).

346 1368 578 1410 Servorum
601 1371 860 1412 calamitates
886 1371 1133 1428 inspicimus
1153 1387 1250 1414 eum
1283 1373 1451 1419 dolore;
1482 1379 1546 1418 et,
1572 1371 1605 1412 si
1629 1385 1721 1412 ser-

348 1443 447 1476 vant
473 1435 665 1477 homines
687 1436 957 1489 charitatem,
980 1438 1264 1495 multomagis
1286 1438 1363 1479 illae
1377 1438 1609 1479 Potestates
1625 1452 1724 1493 sup-

348 1499 486 1558 pliciis
522 1501 678 1542 nostris
715 1512 1052 1546 commoventur.
1094 1504 1198 1546 Nam
1235 1511 1277 1544 et
1309 1503 1407 1559 justi
1446 1503 1645 1544 dolebant
1673 1503 1724 1544 de

347 1573 622 1624 peccaterum
646 1567 883 1624 suppliciis,
909 1578 950 1610 et
974 1568 1074 1610 licet
1115 1570 1267 1610 merito
1291 1583 1422 1624 poeuae
1446 1567 1722 1616 inferrentur,

347 1639 486 1672 tamen
512 1631 667 1672 doloris
691 1633 978 1674 incitabantur
1003 1634 1182 1676 tristitia.
1210 1633 1314 1676 Nam
1332 1632 1494 1690 Moyses
1514 1640 1608 1689 post
1627 1632 1725 1674 idoli

348 1695 622 1737 acrimoniam
658 1696 827 1739 dicebat
852 1712 862 1738 ε
887 1716 901 1735 α
925 1697 1142 1753 Siquidem
1179 1699 1344 1740 dimitte
1376 1698 1433 1739 eis
1469 1706 1691 1754 peccatum
1710 1730 1721 1746 ‚

349 1779 365 1800 n
381 1761 568 1809 dimitteg
593 1761 839 1812 sinautem,
860 1764 952 1805 dele
977 1779 1044 1805 me
1081 1766 1132 1806 de
1155 1765 1264 1806 libro
1287 1779 1413 1820 quem
1432 1762 1681 1820 scripsisti¹.
1698 1781 1713 1802 n

351 1826 465 1878 Quid
488 1827 568 1868 boc
592 1827 687 1869 cst?
715 1829 1028 1871 contumaciam
1049 1831 1185 1879 vides,
1205 1839 1246 1871 et
1268 1846 1343 1887 pro
1367 1829 1594 1887 impiorum
1626 1844 1727 1886 sup-

347 1893 477 1950 plicio
501 1894 740 1951 deprecaris
773 1897 830 1950 (5)
857 1896 1029 1938 Deum?
1054 1897 1154 1938 Ideo
1191 1896 1342 1952 iuquit,
1369 1896 1490 1936 doleo
1513 1903 1555 1936 et
1574 1896 1726 1951 depre-

350 1973 425 2000 cor
465 1958 522 2014 (6)
545 1990 553 2008 ,
595 1959 690 2015 quia
735 1961 859 2016 digne
900 1962 1147 2003 cruciantur
1167 1994 1177 2014 ,
1217 1961 1312 2018 quia
1349 1961 1501 2003 merito
1537 1961 1725 2017 puniun—

351 2032 442 2070 tur,
475 2023 573 2079 quia
610 2025 685 2080 ipsi
720 2035 817 2067 sunt
839 2026 901 2067 sui
925 2041 1048 2068 causa
1068 2026 1278 2084 supplicii.
1305 2026 1356 2067 Et
1378 2024 1599 2073 Ezechiel,
1626 2039 1725 2067 cum

347 2089 558 2147 Angelum
598 2092 757 2148 populo
801 2092 962 2134 videret
991 2093 1245 2136 inserentem
1279 2091 1531 2134 sententiam
1573 2090 1726 2149 suppli-

351 2156 402 2197 cii
419 2187 428 2203 ,
473 2170 570 2197 cum
602 2157 730 2198 nimia
769 2159 1070 2202 lamentat-ione
1113 2159 1337 2207 clamavit,
1381 2157 1527 2199 dicens
1564 2172 1572 2198 :
1596 2174 1611 2194 a
1634 2158 1724 2199 lleu

350 2221 505 2270 nmini,
532 2221 712 2264 Domine
733 2256 742 2271 ,
771 2225 969 2280 quoniam
1000 2225 1112 2267 deles
1137 2234 1180 2268 tu
1205 2224 1403 2281 reliquias
1426 2221 1607 2264 Israe'l2P
1626 2241 1640 2260 n
1674 2222 1724 2264 Et

346 2286 551 2329 Jeremias
568 2302 577 2329 :
594 2305 608 2325 α
627 2289 791 2346 Castiga
818 2305 893 2332 nos
911 2323 919 2337 ,
942 2291 1121 2333 Domine
1137 2325 1146 2339 ‚
1171 2293 1213 2333 in
1234 2291 1557 2347 judicio,etnon
1581 2289 1623 2330 in
1646 2287 1720 2336 ira,

348 2371 364 2390 ι
381 2367 433 2394 ne
455 2368 531 2394 nos
553 2354 827 2410 paucissimos
854 2355 1020 2398 sacias³.
1041 2375 1056 2396 n
1071 2358 1123 2399 Et
1142 2372 1238 2399 cum
1258 2357 1421 2413 Moyses
1436 2389 1445 2404 ,
1469 2364 1511 2396 et
1528 2353 1726 2396 Ezechiel

351 2426 393 2459 et
409 2417 612 2460 Jeremias
637 2420 808 2463 doleant
827 2453 836 2470 ‚
863 2431 1020 2478 quanto
1042 2424 1174 2480 magis
1201 2424 1279 2465 illa:
1303 2423 1534 2465 potestates
1571 2418 1723 2461 nostris

397 2534 406 2554 ¹
423 2532 522 2565 Exed.
541 2544 645 2572 xxxii,
665 2536 722 2569 31.
744 2533 817 2560 ...2
831 2534 948 2568 Ezccli.
969 2548 1016 2575 xx,
1035 2537 1065 2567 8.
1084 2554 1128 2560 -
1142 2533 1156 2558 3
1173 2538 1294 2568 Jerem.
1312 2547 1344 2579 x,
1364 2541 1417 2572 2³2·

397 2613 446 2658 (ι)
467 2614 548 2649 Cod.
573 2617 795 2658 providerunt.
816 2636 859 2643 —-
887 2614 940 2665 (2)
968 2618 1017 2653 Id.
1048 2619 1120 2651 sibi.
1146 2638 1188 2644 -—
1214 2618 1263 2665 (3)
1285 2619 1334 2651 Id.
1359 2620 1525 2652 honorem.
1545 2635 1590 2643 --
1608 2616 1657 2662 ¹4)
1672 2617 1718 2650 Id.

353 2671 512 2705 (audisse.
529 2689 575 2695 --
596 2671 642 2715 (5)
662 2673 709 2706 Id.
723 2674 958 2716 deprecarc.·—
975 2673 1026 2719 (fi)
1044 2674 1092 2708 Id.
1106 2676 1179 2706 dele
1193 2676 1335 2707 omnino.
