1885 3284
365 272 508 303 sERMo
543 272 614 314 ιν,
654 272 706 303 DF.
744 272 1018 303 AscENsmNE
1052 272 1216 304 Domni
1254 276 1292 307 v.
1423 264 1515 327 289

150 339 297 383 sedere
317 337 582 396 poterimus?
600 337 637 381 O
660 338 819 380 utinam
836 372 846 387 ,
865 339 1014 380 fratres
1032 339 1114 380 mei
1129 372 1141 386 .
1167 342 1442 385 ascendamus
1471 344 1513 386 iu

150 404 373 448 thronum!
405 419 430 446 o
458 403 618 446 utinam
648 405 923 447 ascendamus
953 404 993 445 in
1025 405 1255 462 templum,
1291 422 1374 449 non
1409 409 1518 452 sicut

149 470 382 515 Pharisaeus
406 470 456 511 ad
476 469 751 526 judicandum
780 479 822 513 et
848 471 1218 513 condemnandum
1237 472 1338 514 alios
1353 506 1363 522 ,
1393 484 1434 516 at
1454 474 1519 531 (ι)

152 536 335 594 seipsum
352 535 610 578 laudandum
633 545 676 578 et
696 535 1035 593 justificandum,
1057 537 1131 578 sed
1148 536 1257 579 sicut
1273 538 1525 596 publicanus

153 601 324 645 humilis
345 615 617 659 perseverans
645 601 685 643 iu
713 601 890 659 templo¹
915 602 924 642 1

214 666 285 708 Ill.
324 665 541 723 Legimus,
560 665 731 717 fratres,
762 667 801 708 in
830 666 966 709 Veteri
985 667 1279 717 Testamento,
1301 670 1412 726 quod
1431 669 1530 713 Abi-

156 730 322 774 meleeh
343 730 556 773 interfecit
572 731 721 774 fratres
743 747 856 781 suos,
876 741 922 774 ut
947 733 1176 775 ascendere
1198 744 1337 791 posset
1358 735 1399 776 in
1420 735 1533 779 thro·

157 811 262 840 num
281 795 296 817 ²
321 812 334 846 ;
370 803 413 839 et
443 811 543 839 ecce
574 797 778 855 legimus,
819 799 934 855 quod
969 798 1068 841 inde
1106 798 1184 841 fuit
1215 805 1529 845 exterminatus.

158 862 355 920 Legimus
378 862 633 905 Absalonem
663 864 858 906 seditiose
887 864 1066 907 voluisse
1096 867 1324 908 ascendere
1354 882 1531 924 regnum

160 927 292 971 Patris
308 928 386 978 sui,
402 937 555 971 etecce
570 929 717 971 lancea
732 930 969 988 perforatur
981 930 1012 970 ³.
1033 930 1230 988 Legimus
1247 931 1453 974 Adoniam
1472 936 1531 990 (2)

162 1003 494 1052 praesumptuose
530 995 711 1037 voluisse
755 997 984 1038 ascendere
1022 998 1074 1038 ad
1110 1012 1286 1054 regnum
1302 1030 1313 1047 ‚
1356 1007 1399 1040 et
1441 1014 1542 1041 ecco

164 1060 303 1117 gladio
327 1058 621 1103 interficit11r⁶.
649 1060 843 1118 Legimus
864 1061 1064 1104 Jasonem
1094 1064 1146 1104 ad
1167 1077 1379 1105 summum
1402 1080 1541 1107 sacer-

166 1125 327 1168 dotium
357 1126 583 1168 ascendere
617 1128 796 1169 voluisse
825 1127 1043 1169 ambitiose
1060 1159 1071 1177 ‚
1098 1135 1138 1168 οι
1162 1129 1366 1171 exaltatus
1389 1129 1548 1172 interfi-

167 1190 319 1234 citur⁵.
347 1190 432 1233 Sed
450 1207 534 1233 nou
553 1190 612 1234 sie
632 1207 708 1234 nos
726 1193 956 1234 ascendere
980 1200 1170 1249 oportet3
1197 1208 1294 1235 nam
1313 1194 1544 1243 Abraham,

168 1256 340 1298 obtenta
361 1255 533 1299 victoria
566 1258 617 1299 de
640 1257 832 1299 hostibus
860 1257 944 1299 suis
963 1289 974 1305 ‚
1006 1258 1120 1299 venit
1142 1257 1310 1300 obviam
1335 1259 1547 1302 Melchise-

172 1322 279 1364 dech
299 1323 361 1379 (5)
380 1355 390 1372 ‚
415 1323 556 1365 voleus
578 1322 654 1380 ipsi
676 1323 806 1380 spolia
825 1323 946 1376 dare;
970 1323 1038 1365 cui
1061 1323 1118 1365 ait
1134 1323 1348 1366 Abraham
1374 1340 1382 1366 :
1409 1343 1423 1362 ιι
1439 1325 1550 1367 Levo

171 1404 188 1426 n
202 1401 350 1429 manus
367 1402 480 1429 meas
505 1389 556 1430 ad
574 1389 726 1430 coelum
746 1420 757 1437 ,
779 1388 874 1445 quia
894 1402 978 1431 non
1002 1388 1202 1444 recipiam
1227 1390 1497 1446 quidquam⁶.
1526 1409 1541 1430 s

172 1451 393 1508 Numquid
415 1462 456 1494 et
479 1453 642 1511 Moyses
665 1454 847 1497 Domino
871 1467 956 1495 non
983 1453 1042 1509 (4)
1074 1453 1268 1503 dicebat,
1294 1455 1393 1498 dum
1417 1471 1555 1513 popu-

171 1520 262 1563 lum
284 1529 619 1563 murmurantem
643 1519 799 1562 audivit
819 1535 829 1561 z
858 1519 950 1561 «Tu
973 1518 1077 1567 scis,
1108 1519 1309 1568 Domine,
1349 1521 1444 1577 quia
1473 1536 1552 1563 nec

175 1586 377 1629 »asellum
397 1587 491 1636 tuli,
513 1601 592 1629 nec
609 1585 799 1644 oppressi
823 1585 1028 1642 aliquem,
1054 1599 1132 1626 nec
1156 1586 1436 1629 calumniatus
1459 1602 1552 1629 sum

176 1650 502 1708 »quempiam⁷?
516 1650 750 1708 »numquid
773 1665 857 1692 non
873 1659 915 1692 et
934 1650 1103 1692 Samuel
1120 1664 1129 1690 ε
1147 1667 1161 1687 α
1177 1649 1229 1691 Et
1249 1650 1281 1692 si
1301 1667 1454 1693 munus
1480 1666 1553 1693 ac·-

177 1716 301 1774 »cepi
326 1716 383 1772 (5)
411 1717 462 1758 de
489 1731 618 1757 manu
643 1714 840 1770 alicujus,
873 1723 1024 1771 praesto
1058 1728 1150 1754 sum
1183 1716 1508 1757 condemnari⁸P
1528 1736 1542 1755 n

179 1782 386 1837 numquid
414 1790 456 1823 et
472 1781 656 1828 Eliseus‚
684 1781 754 1837 qui
786 1780 947 1822 curavit
972 1779 1158 1821 Naaman
1188 1780 1340 1837 Syrum
1359 1813 1370 1831 ,
1399 1782 1557 1837 aliquid

183 1847 234 1888 ab
255 1861 305 1888 eo
324 1846 481 1904 recepit
496 1845 513 1887 P
527 1865 541 1884 α
559 1845 686 1893 Vivit,
708 1845 865 1901 inquit,
887 1843 1092 1886 Dominus
1110 1842 1151 1885 in
1169 1845 1236 1901 cuj
1246 1861 1291 1887 us
1310 1855 1553 1904 conspectu-

181 1920 276 1954 »sto
298 1911 381 1969 (ὅ),
404 1912 501 1969 quia
518 1911 577 1954 nil
597 1910 837 1968 recipiam⁹.
853 1930 868 1950 »
892 1909 1106 1967 Numquid
1122 1920 1164 1954 et
1185 1912 1360 1960 Daniel,
1384 1913 1455 1969 qui
1470 1915 1555 1968 regi

184 1978 473 2035 conjecturam
495 1986 538 2020 et
558 1977 760 2020 visionem
783 1976 945 2034 aperuit
962 2009 972 2025 ,
992 1976 1150 2034 aliquid
1172 1977 1222 2019 ab
1246 1993 1295 2020 eo
1319 1977 1520 2035 recepit¹⁰
1540 1977 1557 2019 Ρ

184 2043 393 2100 numquid
420 2051 463 2086 et
491 2042 681 2100 Apostoli
706 2040 895 2085 infirmos
927 2051 1142 2092 sanantes,
1180 2042 1338 2100 aliquid
1369 2044 1555 2086 muneris

187 2107 471 2167 receperunt?

239 2224 251 2248 ¹
267 2227 343 2258 Luc.
361 2233 454 2262 xvxxi,
480 2232 530 2262 10,
546 2227 578 2255 et
593 2232 683 2265 seqq.
698 2239 743 2246 -—
758 2220 775 2244 ²
796 2219 905 2254 Judic.
929 2231 977 2260 xx,
998 2232 1026 2261 x,
1040 2226 1071 2253 et
1084 2231 1174 2264 seqq.
1191 2239 1234 2246 -—
1249 2218 1263 2244 3
1281 2233 1299 2253 2
1313 2224 1394 2263 Reg.
1413 2232 1467 2264 xv,
1486 2233 1514 2261 1,
1532 2227 1562 2253 et

192 2276 366 2324 seqq—⁴
380 2280 399 2312 3
416 2283 498 2321 Reg.
525 2289 553 2317 1,
573 2290 603 2320 1,
623 2283 656 2310 et
671 2288 760 2321 seqq.
777 2295 825 2303 —
843 2275 856 2299 ⁵
873 2289 890 2309 2
908 2276 1078 2316 Mach.1v‚
1095 2290 1126 2318 7,
1151 2283 1183 2309 et
1195 2287 1284 2320 seqq.
1301 2296 1343 2302 --
1358 2275 1373 2298 ⁶
1392 2280 1476 2311 Gen.
1497 2289 1563 2316 xiv,

195 2347 252 2375 22,
283 2339 338 2370 23.
362 2355 407 2362 —
430 2334 446 2358 '¹
463 2337 561 2369 Num.
586 2344 654 2374 xvi,
679 2334 734 2369 15.
751 2351 798 2358 —
822 2331 838 2357 ⁸
870 2344 884 2364 1
909 2335 991 2375 Reg.
1019 2343 1079 2373 xn,
1108 2334 1139 2366 3.
1163 2351 1208 2358 —
1230 2330 1280 2371 94
1299 2336 1381 2376 Reg.
1399 2344 1427 2373 v,
1449 2336 1503 2368 16.
1520 2353 1563 2359 -

196 2391 228 2418 ¹⁰
244 2394 326 2427 Dan.
346 2403 379 2436 v,
402 2404 456 2434 17.

246 2477 297 2523 (1)
311 2475 394 2509 Cod.
408 2483 451 2508 ee.
467 2493 513 2500 -
528 2470 579 2519 (a)
597 2472 647 2505 1d.
677 2471 852 2506 Ananiam.
872 2488 920 2497 —
942 2469 994 2516 (3)
1022 2470 1069 2503 1d.
1089 2471 1170 2503 male
1189 2471 1390 2509 Abimelech,
1410 2478 1440 2504 et
1457 2471 1573 2504 deinde

199 2534 272 2575 sibi,
295 2544 353 2577 pro
372 2532 443 2574 ipsi.
456 2547 503 2557 —
521 2527 572 2571 (4)
586 2531 683 2562 Deest
700 2527 813 2561 nonin
829 2527 913 2568 cod„
931 2527 1018 2561 etsie
1037 2526 1182 2561 inferius.
1198 2544 1245 2551 --
1259 2526 1310 2572 (5)
1334 2527 1414 2561 Cod.
1432 2528 1570 2568 accepit.

202 2607 247 2616 —-
263 2588 313 2634 (6)
332 2587 381 2621 td.
399 2594 480 2619 esto.

333 2667 469 2700 cxxx1
494 2649 582 2697 bis.
1398 2663 1452 2708 19
