1868 3301
138 293 281 325 sEnMO
318 291 499 331 mxxxix.
541 292 595 322 m:
632 291 998 322 cowsrcnsrmmz
1034 289 1352 323 metesinum.
1416 277 1507 340 [457

137 366 256 401 ntum
284 368 327 401 et
347 360 461 401 hunc
484 357 731 399 crucifixum
748 359 779 400 ⁴.
803 377 817 396 »
846 357 1059 413 Numquid
1077 367 1118 399 et
1146 359 1233 415 ipse
1257 374 1338 401 non
1365 359 1428 414 (ι)
1450 375 1514 400 as-

138 425 301 474 cendit,
324 439 420 466 cum
443 438 594 465 arcana
614 424 686 465 Dei
711 424 813 464 vidit
838 432 879 464 ct
904 423 1072 464 audivit.

195 490 266 532 Ill.
303 489 377 530 Eia
400 503 499 545 ergo
517 521 527 536 ,
550 489 698 530 fratres
721 489 976 536 charissimi,
1006 488 1045 529 in
1064 488 1141 529 hac
1165 504 1279 530 sacra
1306 489 1512 530 Ecclesia-

135 569 227 597 rum
252 554 539 602 solemnitate,
564 568 660 594 cum
689 553 749 609 (2)
774 553 888 603 licet,
910 552 1215 595 confitendum.
1236 554 1353 596 Prius
1372 561 1511 595 tamen

135 621 303 676 culpam
341 627 525 660 nostram
564 618 766 659 debemus
805 618 863 674 (5)
900 632 1202 674 recognoscere
1218 652 1227 667 ,
1264 634 1342 659 nos
1366 627 1509 675 postea

133 683 342 726 sacerdoti
367 684 610 734 ostendere,
629 690 671 723 et
696 683 846 724 ultimo
869 682 1125 724 medicinam
1150 684 1418 724 manducare.
1447 682 1511 724 Si-

133 758 206 790 cut
244 763 426 803 namque
471 748 528 802 (Δ)
577 746 748 788 diversae
794 747 935 789 herbae
981 747 1155 789 diversis
1198 747 1510 790 infirmitatibus

133 813 409 864 conveniunt,
446 813 504 854 sic
543 812 714 854 diversae
757 813 979 854 medicinae
1019 813 1178 855 morbis
1208 822 1480 870 peccatorum
1496 846 1506 861 ,

131 886 179 920 ut
215 879 319 920 alius
358 885 596 919 maceretur
638 877 799 934 jejunio
822 910 832 925 ,
874 878 978 919 alius
1015 879 1204 920 oratione
1223 912 1233 928 ‚
1281 879 1383 920 alius
1422 893 1510 920 car—

131 960 252 996 cere,
293 944 399 986 alius
429 945 579 986 itinere
600 978 610 993 ,
648 945 752 986 alius
795 946 992 1002 lacrymis
1009 978 1018 993 ‚
1058 946 1162 988 alius
1207 946 1509 1001 eleemosynis,

132 1011 236 1052 alius
255 1010 296 1051 in
317 1011 500 1051 tumultu
517 1010 667 1051 mundi
686 1012 1082 1059 contra-mundum,
1106 1011 1208 1052 alius
1225 1019 1342 1051 extra
1360 1009 1510 1050 mundi

130 1075 350 1133 strepitum
369 1075 543 1132 fugiens.
567 1076 618 1117 Et
635 1075 667 1116 si
689 1076 730 1116 in
747 1075 970 1118 virtutibus
987 1076 1249 1118 abundantes
1262 1090 1407 1118 sumus
1423 1075 1482 1130 (5)
1496 1108 1505 1122 ‚

130 1141 171 1183 in
193 1149 379 1182 sanctam
414 1141 646 1182 Ecclesiam
678 1140 881 1182 intrantes
915 1150 956 1182 et
980 1141 1271 1183 indubitanter
1297 1148 1503 1197 petentes,

130 1206 297 1248 dabitur
319 1205 438 1246 nobis
462 1206 575 1261 quod
596 1205 792 1263 petimus.

185 1271 254 1313 IV.
293 1270 484 1314 Osancta
497 1271 686 1312 Ecclesia
697 1271 932 1312 veneranda
949 1271 957 1311 l
973 1285 997 1312 0
1017 1271 1288 1313 dilectissima
1309 1277 1443 1312 mater
1465 1268 1507 1310 fi-

130 1336 286 1378 delium
303 1336 570 1392 astringenda
587 1337 633 1377 10
653 1350 802 1393 sponsa
817 1336 972 1377 Christi
993 1337 1201 1394 diligenda
1218 1337 1285 1378 lln
1301 1346 1339 1378 te
1354 1335 1510 1393 persec-

128 1401 187 1443 tio
213 1401 349 1443 omnis
374 1401 620 1457 acquiritur,
643 1401 684 1442 in
708 1409 748 1442 te
766 1411 966 1458 peccator
983 1401 1166 1459 Angelus
1186 1401 1385 1449 efficitur,
1406 1401 1447 1441 in
1465 1408 1506 1440 te

131 1466 268 1507 omnis
283 1465 433 1523 petitio
451 1465 686 1507 exauditur.
714 1466 778 1507 Tu
797 1467 837 1507 in
866 1467 981 1508 altari
1006 1468 1162 1509 Christi
1185 1476 1281 1509 nata
1303 1482 1370 1514 es,
1389 1474 1433 1507 tu
1453 1466 1504 1506 ab

129 1530 246 1572 initio
274 1531 421 1572 mundi
444 1531 485 1571 in
508 1531 643 1571 Adam
668 1530 844 1587 figurata
868 1547 925 1572 es.
954 1531 1065 1573 Misit
1087 1532 1199 1573 enim
1219 1532 1426 1573 Dominus
1442 1545 1505 1572 so-

129 1609 276 1652 porem
299 1595 339 1636 in
358 1594 514 1647 Adam,
537 1603 578 1636 et
602 1595 693 1635 tulit
715 1610 839 1636 unam
864 1596 914 1637 de
937 1597 1063 1637 costis
1085 1597 1176 1654 ejus
1191 1630 1200 1643 ‚
1221 1605 1263 1638 et
1284 1596 1381 1638 fecit
1404 1610 1500 1636 mu-

127 1659 289 1702 lierem.
321 1660 524 1702 Dormitio
552 1660 674 1708 Adae,
711 1669 890 1702 mortem
918 1661 1073 1703 Christi
1103 1661 1331 1718 significat,
1359 1661 1500 1716 quoin

127 1740 254 1767 cruce
295 1726 528 1781 pendente,
558 1725 724 1781 sanguis
756 1734 797 1766 et
831 1740 937 1782 aqna
967 1727 1018 1767 de
1053 1728 1184 1768 latere
1224 1727 1316 1782 ejus
1360 1726 1499 1767 ssuxe-

127 1788 252 1830 runt²
273 1806 283 1838 3
323 1804 415 1845 quae
450 1790 534 1830 duo
571 1798 835 1831 sacramenta
874 1798 971 1831 sunt
1004 1793 1121 1832 ortus
1158 1791 1371 1833 Ecclesiae.
1415 1790 1503 1832 Noe

112 1853 253 1895 >etiam
278 1868 419 1895 arcam
443 1853 678 1900 fabricavit,
705 1862 751 1894 ut
773 1854 813 1894 in
839 1868 885 1895 ea
909 1855 1172 1896 salvarentur
1190 1870 1349 1897 omnes.
1376 1854 1506 1896 Josue'

127 1918 252 1959 etiam
276 1919 480 1974 templum
503 1917 685 1959 Domino
709 1919 942 1960 construxit
970 1920 1052 1974 (6),
1072 1928 1114 1960 et
1136 1920 1176 1960 in
1197 1919 1334 1976 capite
1352 1919 1498 1974 templi

128 1984 257 2024 altare
275 1983 488 2040 lapideum
510 1982 601 2024 fieri
623 1982 770 2039 jussit,
790 1984 1009 2026 columnas
1032 2001 1107 2041 per
1129 1985 1317 2027 medium
1342 1985 1496 2041 posuit,

126 2048 328 2090 fenestras
349 2047 590 2095 fabricavit,
620 2056 662 2089 et
690 2049 729 2089 in
752 2049 1016 2091 liminaribus
1039 2050 1244 2092 ostiorum
1275 2050 1498 2091 duodecim

125 2129 253 2171 panes
275 2113 428 2170 posuit.
454 2114 595 2155 Altare
618 2113 806 2155 Christus
828 2123 910 2167 est;
935 2116 1144 2156 columnae
1179 2122 1275 2156 sunt
1303 2113 1497 2170 Apostoli

126 2187 168 2221 et
185 2181 404 2227 doctores3
425 2179 620 2235 parietes,
640 2180 722 2220 duo
740 2181 881 2237 populi
898 2198 907 2228 ;
923 2180 1114 2222 fenestrae
1129 2181 1296 2222 vulnera
1323 2179 1497 2230 Christi,

126 2252 169 2286 et
189 2245 411 2286 duodecim
434 2259 560 2301 panes
578 2277 588 2293 ,
615 2245 838 2287 duodecim
861 2246 1026 2288 articuli
1051 2246 1150 2288 fidei
1177 2254 1274 2287 sunt
1290 2277 1299 2293 ,
1324 2260 1430 2302 quos
1454 2245 1495 2287 in

174 2355 184 2377 ¹
207 2367 220 2387 1
237 2356 313 2390 Cor.
332 2367 367 2399 n,
389 2368 419 2388 2.
432 2374 475 2380 —-
489 2354 609 2388 ²Joan.
628 2366 697 2394 xxx,
717 2357 771 2393 34.

173 2443 222 2488 (1)
237 2447 334 2477 Deest
352 2456 417 2476 non
435 2444 468 2476 in
484 2443 612 2476 cod.——
629 2441 682 2490 (2)
698 2445 778 2478 Cod.
797 2447 864 2488 qui.
885 2466 929 2472 —
948 2445 998 2492 (3)
1020 2447 1071 2481 Id.
1091 2458 1154 2480 non
1173 2447 1271 2480 habet
1284 2448 1447 2490 debemus,
1468 2453 1498 2478 et

128 2507 238 2540 postea
255 2500 353 2532 babet
376 2512 409 2531 se
434 2511 492 2543 pro
517 2511 586 2533 nos.
620 2517 663 2523 —
700 2500 748 2543 (4)
776 2501 826 2534 Id.
855 2503 1009 2545 deniqne,
1044 2523 1087 2528 —
1124 2504 1173 2548 (5)
1205 2507 1301 2535 Deest
1333 2514 1440 2534 sumus
1465 2503 1498 2534 in

126 2555 246 2588 cod.—
258 2557 307 2598 (6)
323 2558 400 2588 Haec
417 2555 592 2600 Scripturae
610 2561 682 2588 sunt
698 2557 856 2601 opposita,
872 2564 905 2591 et
917 2570 1034 2592 nomen
1047 2562 1147 2591 Josuie·
1160 2560 1223 2593 huc
1240 2559 1321 2592 male
1338 2558 1500 2602 irrepsisse

125 2611 263 2644 videtur.
