1885 3284
366 276 510 308 senno
545 277 701 316 xxxiv,
741 276 788 306 1N
825 274 960 305 cortu
998 274 1162 304 nomm
1202 275 1231 303 1.
1419 261 1500 322 269

133 343 288 387 Christi
317 341 633 385 immortalitate
656 351 697 383 et
715 340 1044 398 impassibilitate
1065 341 1316 396 quandoque
1339 343 1500 381 consor-

133 410 333 452 mandum
356 409 602 454 credamus;
631 418 673 449 et
704 408 895 449 similiter
922 422 995 463 per
1027 406 1168 446 viuum
1196 406 1235 446 iu
1254 407 1497 462 sanguinem

134 489 400 521 conversum,
426 482 467 514 et
489 489 509 514 a
538 471 658 513 nobis
687 481 930 529 acceptum,
967 471 1126 512 animas
1158 479 1319 512 nostras
1354 471 1500 511 animae

131 539 284 581 Christi
303 540 523 580 credamus
547 538 784 579 conformes
806 536 893 578 fieri
913 537 952 577 in
978 537 1156 582 mundo,
1186 537 1284 576 dum
1308 536 1499 585 vivimus,

130 604 234 646 etin
252 603 381 660 gloria
402 636 411 650 ,
453 605 551 644 dum
578 618 855 659 resurgemus.
884 601 935 642 Et
959 616 1055 642 cum
1084 601 1219 641 anima
1244 601 1298 641 ibi
1343 602 1398 655 (ι)
1431 617 1504 657 per

130 669 299 725 aliquod
334 684 611 726 corporeum,
650 669 759 709 sicut
787 683 961 724 corpus,
1002 667 1336 722 repraesentanda
1366 675 1498 714 esset,

127 735 233 778 nihil
256 735 473 790 animae(2)
496 736 710 776 inventum
732 743 791 776 est
815 735 855 775 in
871 733 1066 774 omnibus
1089 733 1291 774 creaturis
1313 733 1502 783 vicinius,

129 815 205 857 per
227 801 340 856 quod
362 808 755 857 repraesentaretur,
783 815 906 855 quam
926 814 998 856 per
1014 799 1275 855 sanguinem,
1296 799 1366 854 qui
1385 799 1504 839 sedes

127 865 256 921 ipsius
289 865 438 906 animae
472 865 638 907 dicitur.
681 866 764 907 Sed
800 865 894 921 quia
937 864 1186 920 sanguinem
1220 864 1336 919 quasi
1375 864 1504 904 horri-

131 929 215 971 bile
238 937 395 971 naturae
418 929 613 971 humanae
650 945 815 971 sumere
854 930 1099 976 videbatur,
1134 929 1227 970 ideo
1260 928 1401 968 viuum
1428 942 1502 984 pro

129 995 332 1051 sanguine
356 996 536 1051 positum
557 1004 618 1036 est
644 997 694 1037 ad
712 994 1060 1052 significationem
1093 994 1251 1035 animae.
1280 993 1364 1036 Nec
1385 993 1505 1033 intel-

128 1060 342 1117 ligendum
374 1062 488 1117 quod
514 1061 573 1117 (5)
607 1062 646 1102 in
666 1061 878 1118 sanguinis
898 1061 1144 1116 acceptione
1169 1061 1297 1101 solam
1322 1059 1503 1100 animam

127 1133 169 1166 et
190 1140 275 1166 non
298 1140 454 1183 corpus
472 1158 483 1174 ‚
508 1127 572 1167 vel
591 1126 630 1166 in
655 1127 899 1182 acceptione
923 1125 1113 1181 corporis
1130 1126 1263 1166 solum
1287 1139 1439 1180 corpus
1464 1133 1505 1165 et

128 1204 211 1231 non
233 1191 415 1231 animam
435 1191 689 1248 accipiamus
704 1224 714 1238 ,
730 1192 802 1231 sed
825 1190 864 1231 in
879 1190 1122 1246 acceptione
1144 1189 1354 1246 sanguinis
1371 1198 1504 1230 totum

127 1270 272 1296 verum
295 1255 511 1297 Christum
534 1256 668 1298 Deum
691 1264 731 1297 et
753 1256 969 1296 hominem
987 1288 995 1301 ,
1018 1256 1118 1296 etin
1144 1255 1391 1310 acceptione
1415 1269 1506 1295 σοι’-

127 1321 239 1377 poris
262 1321 453 1363 similiter
477 1330 623 1363 totum.
652 1322 769 1364 Licet
791 1322 904 1363 enim
927 1322 1149 1377 separatim
1170 1336 1344 1376 corpus,
1384 1335 1504 1376 sepa-

128 1386 341 1443 ratimque
364 1388 612 1444 sanguinem
636 1402 872 1434 sumamus,
907 1402 991 1427 non
1019 1395 1156 1427 tamen
1178 1387 1259 1434 bis,
1281 1388 1353 1427 sed
1372 1384 1502 1426 semel

128 1451 342 1494 Christum
364 1454 582 1495 sumimus.
613 1453 713 1494 Ideo
736 1462 876 1494 tamen
896 1453 1070 1493 modum
1096 1452 1220 1492 istum
1237 1454 1293 1505 (4)
1323 1452 1381 1492 sic
1398 1450 1505 1491 acci-

125 1516 268 1573 piendi
291 1533 504 1559 servamus
519 1551 530 1566 ,
556 1518 743 1573 quiahoc
768 1517 972 1559 Dominus
990 1517 1108 1558 sicin
1130 1531 1247 1557 coena
1268 1515 1498 1557 constituit.

126 1580 210 1622 Sed
233 1581 345 1623 dicet
367 1582 458 1638 quis
481 1582 644 1624 :Etiam
659 1591 879 1639 postquam
895 1582 1095 1629 coenavit,
1119 1582 1328 1638 Apostoiis
1350 1595 1503 1637 corpus

125 1654 168 1687 et
192 1647 436 1702 sanguinem
457 1648 586 1689 dedit.
610 1648 753 1698 Quare
770 1655 811 1688 et
828 1662 903 1688 nos
927 1646 1007 1688 hoc
1026 1662 1191 1687 servare
1215 1645 1504 1702 negleximus?

129 1711 252 1767 cujus
270 1727 395 1754 causa
418 1721 500 1761 est,
526 1713 622 1768 quia
648 1713 745 1754 licet
767 1713 853 1769 ipse
876 1713 956 1753 hoc
981 1727 1057 1768 pro
1082 1721 1182 1753 tunc
1216 1712 1388 1761 fecerit,
1418 1727 1502 1752 non

124 1783 265 1817 tamen
285 1778 710 1834 ampliusfaciendum
722 1779 782 1834 (5)
797 1777 978 1833 reliquit.
997 1778 1115 1832 Aqua
1129 1777 1253 1817 etiam
1268 1777 1363 1832 poni
1379 1777 1505 1817 debet

125 1854 221 1882 cum
256 1843 379 1889 vino,
412 1851 457 1883 ut
484 1857 589 1898 aqua
624 1857 720 1883 cum
763 1843 992 1898 sanguine,
1024 1841 1092 1896 qui
1122 1843 1174 1882 de
1195 1843 1323 1882 latere
1349 1840 1502 1881 Christi

123 1904 265 1955 fluxit,
285 1915 629 1964 repraesentetur5
653 1922 745 1963 quae
767 1922 871 1963 aqua
896 1905 1048 1962 figurat
1067 1908 1292 1963 populum,
1317 1907 1381 1947 vel
1404 1906 1504 1962 bap-

124 1971 320 2021 tismum,
346 1973 388 2013 in
411 1987 494 2029 quo
515 1973 698 2029 populus
728 1987 803 2029 per
832 1971 1083 2013 effusionem
1107 1971 1320 2028 sanguinis
1348 1971 1503 2012 Christi

123 2038 320 2079 mundari
340 2038 535 2079 debebat.

183 2102 257 2144 III.
278 2102 364 2144 Nec
387 2102 581 2144 dubitare
599 2102 778 2151 debetis,
796 2102 945 2144 fratres
961 2135 969 2149 ,
987 2103 1100 2158 quod
1118 2117 1182 2143 res
1201 2102 1260 2157 (6)
1279 2117 1353 2158 per
1375 2101 1498 2143 verba

124 2183 240 2210 sacra
269 2168 499 2209 sacerdotis
527 2177 568 2209 et
597 2167 903 2209 benedictionis
930 2168 970 2208 in
998 2181 1143 2208 verum
1167 2166 1321 2207 Christi
1347 2181 1500 2223 corpus

124 2241 410 2280 convertatur&
437 2234 491 2274 ita
513 2241 559 2274 ut
576 2234 693 2289 panis
711 2233 943 2273 substantia
968 2248 1052 2274 non
1082 2240 1321 2279 remaneat3
1343 2233 1415 2272 sed
1429 2246 1501 2272 co-

123 2299 257 2340 lorem
275 2306 318 2339 et
338 2313 531 2355 saporem
557 2299 674 2355 panis
687 2307 851 2339 tantum
867 2298 997 2339 voluit
1013 2312 1232 2338 remanere
1246 2328 1259 2345 ,
1276 2307 1318 2338 et
1336 2298 1413 2338 sub
1434 2298 1499 2338 illa

124 2362 263 2419 specie
284 2377 426 2404 veram
449 2362 727 2404 substantiam
754 2364 944 2419 corporis
974 2362 1129 2403 Christi
1151 2363 1304 2410 latere,
1327 2377 1379 2402 ne
1402 2362 1435 2402 si
1459 2362 1500 2403 in

124 2445 172 2472 ea
191 2431 412 2487 qualitate,
437 2445 518 2487 qua
541 2446 685 2472 revera
702 2440 764 2472 est
781 2463 790 2477 ‚
829 2436 1073 2488 appareret,
1110 2445 1256 2472 verum
1285 2429 1500 2471 hominem

174 2546 222 2587 (ι)
244 2547 321 2579 Cod.
345 2545 408 2579 ubi.
426 2565 472 2571 —
489 2544 539 2592 (2)
563 2547 614 2581 Id.
633 2548 852 2580 nihilominus.
873 2567 919 2572 —
946 2546 998 2594 (3)
1018 2550 1113 2580 Deest
1137 2547 1226 2588 quod
1240 2549 1272 2577 in
1296 2545 1370 2579 cod.
1385 2561 1430 2568 -
1450 2543 1499 2585 (4)

125 2600 203 2632 eod.
224 2602 337 2632 modus
348 2602 420 2635 iste.
442 2620 485 2627 -·
506 2600 556 2645 (5)
568 2602 791 2645 Id.fiendu1n.
807 2621 851 2628 —
872 2603 922 2646 (ὃ)
935 2604 984 2636 Id.
1006 2614 1120 2644 quare.
