1868 3301
316 313 407 358 510
587 328 620 359 S.
666 325 906 358 AUGUSTlNl
944 326 1147 358 EPlscorl
1183 326 1421 358 APPENDIX.

834 519 1010 563 CAPUT
1042 518 1158 563 XIV.

625 651 689 691 De
713 651 759 690 V
750 654 842 691 em'a
855 658 1122 707 peccatorum
1139 651 1364 707 speranda.

369 816 533 873 ETquia
553 828 690 856 sermo
712 828 756 854 se
779 812 920 854 intulit
937 812 988 854 de
1013 813 1131 855 venia
1155 822 1427 870 peccatorum
1450 815 1654 872 speranda
1672 847 1683 864 ,

310 884 405 927 volo
435 882 594 924 factum
621 877 848 922 Theodosii
875 878 1141 934 imperatoris
1165 879 1238 919 tibi
1264 879 1315 920 ad
1345 879 1592 921 memoriam
1616 894 1685 921 re-

310 950 465 991 ducere
483 980 493 995 ‚
509 962 583 1003 per
605 945 719 1001 quod
735 945 785 985 ad
809 945 1059 1001 sperandam
1083 953 1355 1001 peccatorum
1371 944 1543 987 Veniam
1566 960 1684 987 meus

309 1025 378 1057 tua
411 1014 671 1059 sublevetur,
699 1018 739 1051 et
764 1010 815 1051 ad
838 1010 1124 1066 lacrymarum
1147 1009 1304 1051 fluenta
1332 1010 1586 1065 proferenda
1626 1010 1686 1067 (1)

310 1088 513 1124 cortuum
532 1084 855 1134 compungatur.
891 1075 977 1116 Cur
994 1076 1233 1132 desperabit
1252 1076 1398 1132 aliquis
1411 1084 1686 1132 peccatorum

311 1147 467 1188 habere
490 1144 664 1187 Veniam
689 1174 698 1190 ,
731 1141 763 1182 si
793 1142 844 1182 ad
877 1141 1012 1182 Deum
1031 1157 1081 1182 ex
1104 1149 1193 1182 toto
1220 1143 1348 1183 corde
1372 1150 1650 1183 convertatur
1672 1176 1682 1190 ,

311 1226 407 1253 cum
432 1209 697 1266 supradictus
715 1207 950 1263 Imperator
969 1214 1127 1263 septem
1144 1207 1271 1248 millia
1291 1207 1508 1255 occidens,
1535 1221 1686 1262 pueros

308 1279 420 1334 et(2)
448 1283 626 1323 matres,
651 1272 923 1315 lamentando
946 1281 988 1313 et
1010 1288 1052 1313 se
1069 1287 1189 1313 reum
1206 1273 1495 1328 agnoscendo,
1511 1272 1685 1314 Veniam

313 1343 417 1384 infra
453 1355 610 1399 paucos
637 1338 725 1380 dies
760 1337 899 1394 potuit
930 1337 1191 1394 promereri?
1223 1339 1276 1380 [Jt
1306 1337 1433 1394 igitur
1467 1337 1687 1380 manifeste

309 1423 564 1466 cognoscere
584 1405 716 1463 possit
736 1404 935 1446 sanctitas
959 1413 1048 1454 tua,
1073 1420 1156 1460 quo
1181 1405 1308 1446 modo
1332 1404 1421 1445 haec
1437 1412 1551 1461 gesta
1571 1413 1685 1451 sunt,

309 1491 386 1517 eur
412 1474 610 1515 videlicet
629 1479 789 1528 septem
814 1470 942 1511 millia
967 1470 1188 1511 hominum
1211 1469 1429 1518 occidens,
1450 1478 1491 1511 et
1513 1469 1588 1511 ista
1613 1485 1688 1511 oc-

310 1541 478 1582 casione
501 1554 544 1579 se
566 1551 684 1578 reum
700 1535 936 1591 agnoverit,
961 1545 1002 1576 et
1023 1536 1238 1590 quomodo
1263 1550 1305 1575 se
1321 1534 1631 1582 humiliaverit,
1646 1544 1689 1576 et

308 1605 519 1662 quomodo
540 1601 714 1644 Veniam
739 1600 1051 1656 promeruerit,
1082 1600 1208 1640 verba
1234 1598 1425 1640 Historiae
1448 1599 1686 1655 Tripartitae

310 1671 379 1713 hic
402 1684 475 1726 per
502 1666 694 1709 ordinem
718 1674 815 1706 sunt
848 1664 1091 1710 inserenda;
1119 1679 1194 1720 per
1216 1679 1308 1719 quae
1329 1663 1455 1705 verba
1480 1664 1518 1704 in
1544 1665 1686 1706 multis

309 1734 541 1794 prolicere,
568 1730 752 1774 Domino
777 1729 1003 1771 auxiliante
1020 1762 1029 1776 ,
1056 1729 1281 1770 virtutihus
1302 1728 1479 1785 poteris;
1502 1729 1686 1784 primum

311 1803 481 1860 quidem
506 1800 546 1840 in
570 1798 775 1854 speranda
798 1796 929 1837 Venia
957 1804 1254 1852 peccatorum,
1285 1794 1354 1851 qui
1375 1803 1588 1836 tantorum
1615 1795 1688 1837 ho-

309 1869 472 1910 minum
508 1862 709 1919 sanguine
733 1876 829 1903 reus
855 1861 1056 1909 existens,
1086 1860 1208 1902 facile
1230 1859 1403 1902 Veniam
1426 1860 1680 1917 impetravit.

309 1933 470 1977 Deinde
488 1929 706 1972 considera
732 1927 1034 1974 humilitatem,
1057 1926 1153 1982 quia
1183 1941 1279 1967 cum
1302 1927 1535 1982 Imperator
1560 1936 1684 1976 esset,

311 2015 386 2058 per
408 1996 750 2054 praedicationem
777 1993 888 2034 beati
911 1992 1126 2034 Ambrosii
1161 1999 1324 2032 tantum
1351 2006 1394 2032 se
1418 1992 1683 2043 humiliavit,

312 2074 357 2107 ut
379 2062 577 2105 omnibus
598 2059 896 2117 peccatoribus
930 2058 1172 2099 inferiorem
1203 2072 1246 2098 se
1278 2072 1368 2098 esse
1387 2066 1683 2113 cognosceret;

312 2130 464 2173 deinde
495 2126 694 2183 lacrymis
718 2139 760 2166 se
784 2124 900 2166 dedit
923 2124 1202 2170 abundanter,
1228 2122 1323 2178 quia
1351 2136 1448 2164 cum
1475 2122 1516 2163 in
1545 2124 1685 2164 eccle-

311 2199 411 2241 siam
435 2193 619 2241 intravit‚
641 2191 926 2249 pavimentum
944 2191 1070 2248 ipsius
1090 2189 1277 2231 ecclesiae
1299 2189 1497 2246 lacrymis
1519 2189 1683 2245 rigavit.

310 2262 417 2306 Volo
439 2261 581 2318 igitur,
608 2266 651 2300 ut
675 2258 757 2299 hoe
783 2266 863 2298 tuce
887 2256 1080 2298 charitati
1105 2271 1188 2297 non
1215 2255 1476 2312 incognitum
1501 2254 1568 2303 sit,
1588 2255 1685 2312 quia

311 2343 436 2371 nemo
455 2324 634 2368 simulin
659 2339 702 2365 se
735 2323 874 2364 omnia
907 2323 1013 2363 valet
1033 2322 1280 2379 extinguere
1303 2320 1413 2362 vitia.
1447 2320 1549 2362 Nam
1583 2320 1683 2363 dum

312 2393 517 2451 quispiam
544 2389 777 2448 passionem
798 2388 984 2430 libidinis
1017 2387 1231 2444 effugerit,
1262 2386 1303 2428 in
1333 2385 1547 2428 avaritiam
1585 2400 1683 2427 cur-

310 2461 365 2502 rit
394 2459 467 2514 (5),
492 2465 533 2499 et
556 2471 653 2498 cum
686 2456 736 2496 ab
767 2454 938 2496 avaritia
963 2453 1267 2502 declinaverit,
1295 2452 1459 2494 invidiae
1484 2451 1599 2493 fovea
1625 2451 1683 2494 illi

312 2532 499 2582 paratur,
523 2531 566 2564 et
587 2522 618 2563 si
640 2520 839 2563 invidiam
857 2519 1026 2568 vicerit,
1049 2534 1147 2561 mox
1166 2518 1314 2561 vitium
1335 2516 1500 2565 suroris,
1520 2524 1562 2559 et
1580 2516 1683 2558 alios

360 2637 405 2679 (ιγ,
429 2633 510 2666 Cod.
526 2631 735 2674 perferenda.
760 2649 798 2654 -
827 2633 875 2660 ἀδ
903 2632 998 2662 Deest
1016 2639 1047 2661 ee
1073 2630 1104 2661 in
1119 2629 1190 2662 cod.
1214 2648 1258 2654 -
1277 2627 1328 2672 (3¹)
1344 2628 1395 2660 Sic
1417 2628 1489 2661 cod.
1511 2629 1544 2661 in
1563 2635 1672 2668 textu,

308 2701 337 2727 at
357 2695 390 2725 in
405 2702 506 2732 marg.
526 2689 647 2730 vergit,
