1868 3301
410 290 500 352 492
676 305 712 337 S.
755 305 1002 339 AUGUSTINI
1038 308 1246 341 EPJSCOPI
1282 311 1518 345 APrEme.

411 379 603 412 nostrum
642 371 819 415 delicate
862 375 1050 416 fovemus
1072 408 1083 426 ‚
1125 376 1288 419 hostem
1325 389 1516 422 nostrum
1555 381 1778 425 nutrimus.

414 438 639 495 Nunquam
672 440 781 482 enim
817 442 1020 498 majorem
1055 444 1272 486 inimicum
1299 455 1434 502 potest
1459 448 1585 490 homo
1610 449 1783 499 habere,

414 518 541 559 quam
576 519 741 562 corpus.
780 506 942 563 Corpus
968 523 1067 549 vero
1097 510 1222 551 trahit
1248 521 1433 553 mentem
1457 515 1509 555 ad
1534 523 1755 570 peccatum
1773 545 1785 562 ,

412 577 454 610 et
476 569 568 611 ideo
590 586 755 629 semper
782 574 906 615 debet
930 574 1033 615 illud
1056 590 1197 617 servus
1217 576 1294 618 Dei
1317 578 1587 635 subjugatum
1612 580 1783 622 habere.

418 635 522 677 Nam
546 645 588 678 et
612 638 746 681 bonos
769 639 836 680 hie
861 655 936 696 per
961 640 1229 683 afflictionem
1254 642 1415 699 judicat
1432 677 1442 692 ,
1468 654 1511 686 et
1531 645 1615 687 illic
1641 660 1788 687 remu-

415 711 535 744 nerat
552 718 626 760 per
651 706 989 756 miserationem3
1016 710 1148 750 malos
1175 709 1244 750 hic
1262 719 1506 752 remunerat
1529 727 1604 768 per
1625 720 1790 768 tempo-

416 770 547 810 ralem
577 771 870 820 clementiam,
904 782 945 815 et
976 773 1061 816 illic
1086 775 1207 831 punit
1237 790 1310 831 per
1339 786 1538 819 {eternam
1567 777 1785 834 justitiam.

416 832 463 874 In
484 833 565 877 hac
587 836 699 877 enirn
723 836 834 878 Deus
858 837 939 880 vita
966 840 1102 896 parcit
1133 840 1294 898 impiis,
1320 850 1361 883 et
1384 851 1523 884 tamen
1552 857 1636 885 non
1656 841 1794 901 parcit

413 899 583 950 electis;
608 901 648 943 iu
674 903 741 946 illa
767 902 958 963 indulget
978 905 1081 964 piis,
1100 915 1142 950 et
1161 922 1247 949 non
1273 907 1408 965 parcit
1429 908 1596 966 iniquis.

951 1240 1128 1296 CAPUT
1163 1252 1253 1296 vn.

824 1391 887 1432 De
917 1390 1160 1447 Afflc'ctc'one
1190 1396 1389 1449 corporis.

479 1549 626 1591 DEnET
650 1563 834 1604 namque
852 1563 1006 1606 corpus
1025 1548 1149 1605 affligi
1173 1563 1247 1605 per
1267 1549 1586 1602 abstinentiam,
1606 1563 1680 1606 per
1700 1548 1801 1606 vigi—

416 1614 491 1657 lias
525 1623 567 1656 et
597 1630 671 1671 per
702 1616 887 1657 diversos
924 1616 1071 1656 modos
1091 1648 1100 1662 ,
1136 1615 1190 1656 ita
1231 1624 1372 1656 tamen
1397 1624 1443 1657 ut
1475 1630 1643 1672 semper
1677 1629 1802 1656 suum

419 1679 627 1728 officium,
654 1696 855 1736 suamque
879 1679 1164 1722 obedientiam
1189 1680 1320 1736 possit
1341 1679 1561 1737 perficere.
1586 1680 1803 1737 Castigan-

421 1744 521 1786 dum
549 1753 590 1787 et
614 1745 882 1802 affligendum
907 1760 1074 1802 semper
1096 1753 1156 1786 est
1177 1760 1330 1802 corpus
1348 1779 1358 1794 ,
1382 1754 1427 1787 ut
1452 1746 1504 1788 ad
1527 1747 1680 1787 malam
1700 1760 1802 1802 ope-

420 1811 626 1852 rationem
659 1812 841 1852 animam
864 1826 946 1852 non
976 1810 1141 1858 trahat,
1176 1819 1218 1852 et
1248 1813 1298 1852 ad
1320 1811 1480 1852 bonum
1512 1812 1802 1869 peragendum

420 1892 587 1933 semper
618 1878 670 1919 sit
702 1877 915 1919 idoneum.
944 1877 1048 1919 Nam
1074 1877 1144 1933 qui
1168 1877 1223 1918 ita
1244 1891 1398 1934 corpus
1421 1885 1633 1926 macerat,
1653 1885 1701 1919 ut
1724 1890 1802 1919 nec

421 1943 592 2000 quidem
629 1943 788 1984 bonum
825 1958 932 1999 opus
967 1942 1105 1984 faeere
1140 1943 1304 1989 valeat,
1340 1943 1606 1985 discretionis
1639 1942 1804 1997 ignorat

423 2009 562 2050 adhuc
584 2009 797 2050 virtutem.
828 2010 879 2050 Ut
903 2008 1029 2064 igitur
1060 2023 1212 2064 corpus
1240 2006 1424 2065 affligere
1446 2008 1552 2049 scias
1575 2015 1617 2049 et
1637 2016 1803 2064 tempe-

422 2090 537 2123 rare,
572 2090 703 2116 unum
738 2076 789 2116 de
821 2074 903 2115 vita
924 2074 1096 2116 Patrum
1118 2087 1356 2115 sermonem
1384 2072 1534 2115 dicam.
1563 2072 1730 2115 Dicitur
1751 2073 1802 2115 de

423 2141 610 2197 quodam
627 2149 761 2198 patre,
776 2140 846 2197 qui
866 2141 965 2181 dum
980 2139 1189 2180 saecularis
1201 2147 1323 2192 esset,
1338 2147 1378 2181 et
1391 2138 1617 2196 conjugem
1633 2138 1805 2181 habuis-

422 2215 500 2257 set,
538 2215 680 2264 postea
702 2221 930 2249 conversus
953 2205 1054 2247 abiit
1078 2205 1117 2247 in
1144 2219 1353 2253 eremum,
1373 2205 1489 2262 quod
1510 2203 1804 2262 poenitentiam

424 2273 597 2323 faciens,
624 2274 867 2317 tentabatur
889 2288 908 2314 a
932 2273 1084 2315 Satana
1109 2273 1160 2313 de
1184 2287 1246 2314 ea.
1275 2271 1368 2329 lpse
1392 2286 1491 2312 vero
1513 2270 1700 2313 narravit
1720 2270 1803 2313 hoc

423 2341 630 2399 patribus,
654 2340 839 2398 quicum
862 2338 1075 2381 audissent
1098 2347 1139 2380 et
1155 2338 1311 2380 scirent
1328 2370 1339 2388 ‚
1358 2338 1472 2394 quod
1490 2337 1705 2395 operarius
1723 2337 1805 2379 sor-

423 2408 474 2451 tis
506 2416 639 2456 esset,
678 2415 720 2448 et
742 2405 900 2463 majora
925 2405 1062 2447 faeere
1091 2413 1257 2462 posset,
1283 2419 1408 2461 quam
1435 2418 1482 2445 ea
1507 2418 1599 2460 quae
1625 2403 1703 2461 ipsi
1725 2402 1804 2445 sibi

424 2475 650 2523 dicebant,
676 2473 966 2530 imposuerunt
990 2472 1027 2513 ei
1049 2471 1208 2527 majora
1225 2504 1234 2519 ‚
1261 2479 1307 2512 ut
1333 2469 1628 2511 debilitaretur
1649 2483 1803 2526 corpus

424 2541 542 2598 ejus;
572 2548 614 2581 et
642 2539 701 2581 sie
729 2539 771 2580 in
796 2538 1072 2587 abstinentia,
1099 2547 1140 2580 et
1162 2537 1309 2594 vigiliis
1325 2569 1335 2584 ,
1360 2544 1403 2578 et
1427 2535 1686 2579 orationibus
1709 2543 1803 2577 tan-

425 2616 518 2651 tum
550 2607 779 2655 laboravit,
802 2615 850 2648 ut
867 2620 1037 2662 surgere
1074 2604 1124 2647 de
1150 2612 1259 2646 terra
1284 2604 1523 2646 nullatenus
1542 2611 1695 2660 posset.
1713 2602 1802 2645 Deo

417 2683 570 2718 »autem
594 2672 887 2731 dispensante,
910 2671 1081 2728 quidam
1103 2670 1350 2729 peregrinus
1375 2670 1427 2713 ad
1455 2669 1605 2712 cellam
1626 2667 1718 2726 ejus
1737 2682 1803 2710 ve-
