1868 3301
361 282 491 313 LIBER
527 282 582 312 DE
622 283 824 314 OMNIBUS
861 284 1154 326 VIRTUTIBUS,
1193 286 1285 318 ETC.
1423 277 1514 340 497

149 349 244 394 eris.
268 368 286 388 ι»
317 347 369 390 Et
390 356 436 390 tu
451 379 464 398 ,
494 362 519 389 o
542 347 689 398 Mater,
713 349 802 392 haec
826 349 998 392 audiens
1013 381 1025 398 ,
1048 351 1099 392 de
1124 353 1256 408 poenis
1286 354 1435 399 inferni
1454 372 1519 401 co-

147 415 249 473 gita.
271 421 315 456 et
327 413 393 455 fac
412 413 523 455 sicut
546 412 622 454 iste
644 429 787 456 servus
805 415 881 458 Dei
896 415 1094 457 hortatur
1113 431 1151 457 :a
1178 417 1338 461 Vermis
1360 419 1416 463 ibi
1436 437 1518 465 non

146 479 371 526 »mot-itur,
404 486 446 520 et
476 477 582 535 ignis
612 494 828 536 nunquam
854 480 1163 538 extinguitur¹.
1197 500 1212 521 1>
1243 483 1399 527 Luctus
1422 502 1519 530 vero

150 558 366 600 nunquam
385 542 572 593 finietur,
596 559 720 602 poeua
741 560 955 602 nunquam
982 545 1298 602 terminabitur3
1320 551 1411 593 etsi
1430 551 1520 596 haec

151 623 318 667 semper
347 609 620 665 cogitaveris,
648 611 758 652 salva
783 610 878 652 eris.
905 611 1060 654 Recole
1087 626 1251 668 semper
1282 614 1385 657 illud
1409 620 1522 674 quod

151 674 280 718 abbas
321 673 427 716 Elias
468 672 570 715 dixit
605 689 614 716 ε
654 692 670 713 α
699 675 786 731 Ego
819 675 948 717 timeo
978 683 1061 717 tres
1096 690 1274 720 causas:
1305 680 1436 736 prima
1459 692 1522 726 est

142 740 313 798 quando
333 739 572 797 egredietur
591 740 728 782 anima
748 741 798 782 de
820 755 1023 798 corpore;
1045 742 1227 784 secunda
1247 751 1335 794 est,
1354 747 1523 802 quando

140 820 396 850 occursurus
425 820 518 847 sum
542 805 654 853 Deo;
687 806 808 848 tertia
833 814 922 855 est,
958 808 1126 863 quando
1157 809 1369 852 sententia
1401 812 1442 854 in
1463 812 1526 869 ju-

140 870 254 914 dicio
277 872 500 914 adversum
524 884 591 912 me
613 870 867 927 proferetur.
895 890 910 910 n
938 872 990 914 Et
1009 880 1080 922 tu,
1106 887 1130 914 o
1153 871 1300 923 Mater,
1329 875 1420 919 haec
1438 892 1524 922 me-

141 936 301 984 ditare,
341 935 432 978 haec
460 935 618 992 cogita,
644 944 687 977 et
712 935 800 978 baec
827 937 938 993 apud
964 938 1228 995 temetipsam
1255 947 1388 982 tracta
1411 943 1521 985 solli-

138 1001 240 1050 cite,
259 1009 306 1043 ut
327 1000 478 1043 inferni
502 1001 674 1057 laqueos
692 1002 821 1057 possis
845 1003 1001 1051 vitare,
1023 1011 1064 1044 et
1087 1002 1138 1044 ad
1162 1018 1290 1062 regna
1311 1006 1518 1050 coelorum

137 1064 338 1110 merearis
358 1067 658 1108 conscendere.
685 1066 761 1108 Hic
784 1068 896 1109 enim
914 1068 1151 1141 lugendum
1166 1077 1253 1118 est,
1272 1070 1370 1126 quia
1391 1072 1521 1131 scrip-

137 1140 231 1175 tum
261 1139 364 1174 est:
397 1148 412 1170 α
449 1130 569 1174 Beati
602 1131 673 1188 qui
702 1132 879 1189 lugent,
915 1132 1114 1189 quoniam
1141 1133 1218 1189 ipsi
1238 1136 1519 1179 consolabun-

136 1196 266 1240 »tur2
274 1226 284 1239 .
314 1215 329 1237 ιι
357 1196 633 1253 Nequaquam
655 1197 736 1239 hoc
764 1198 815 1239 de
841 1198 957 1239 omni
984 1199 1103 1240 luctu
1126 1198 1253 1247 dicit,
1277 1199 1374 1256 quia
1397 1201 1518 1244 multi

137 1270 260 1312 sunt,
287 1263 358 1319 qui
377 1263 525 1319 lugent
546 1270 725 1304 mortem
749 1268 971 1320 parentum
989 1277 1162 1305 suorum
1180 1264 1245 1305 vel
1261 1264 1514 1316 amicorum,

136 1335 180 1372 et
202 1326 298 1384 quia
324 1341 413 1375 reS,
449 1341 553 1383 quas
590 1327 830 1369 desiderant
865 1336 1075 1375 terrenas,
1102 1327 1277 1384 adipisci
1309 1343 1396 1371 non
1419 1345 1514 1388 pos-

131 1400 230 1436 sunt
264 1390 326 1448 (1)
367 1404 444 1447 pro
475 1405 550 1433 suo
595 1391 715 1434 luctu
750 1406 835 1434 non
864 1400 962 1435 sunt
990 1391 1117 1434 beati.
1151 1391 1432 1436 Solummodo
1456 1395 1516 1439 illi

129 1458 324 1514 lugentes
345 1464 442 1498 sunt
461 1455 599 1506 beati,
626 1456 697 1512 qui
727 1471 800 1498 sua
826 1459 891 1499 vel
921 1457 1098 1499 aliorum
1121 1466 1297 1513 peccata
1330 1459 1512 1510 deflent;

130 1522 242 1566 sicut
261 1522 436 1565 Samuel
452 1529 494 1562 et
514 1520 645 1562 David
661 1520 821 1562 flebant
844 1521 958 1569 Saiil,
977 1529 1019 1562 et
1037 1521 1191 1562 Paulus
1214 1521 1398 1566 dessebat
1421 1539 1510 1572 eos,

127 1586 201 1644 qui
222 1600 308 1629 non
331 1593 510 1642 egerunt
529 1584 822 1641 poenitentiam
841 1600 863 1627 a
879 1585 1177 1635 fornicatione,
1198 1594 1240 1628 et
1257 1587 1309 1629 ab
1331 1587 1511 1632 immun-

128 1652 230 1696 ditia
251 1649 368 1693 sua³.
394 1649 633 1692 Desseamus
653 1650 796 1707 igitur,
826 1651 868 1691 in
886 1650 965 1692 hac
989 1650 1096 1699 vita,
1119 1659 1261 1692 nostra
1285 1657 1326 1693 et
1343 1663 1510 1697 nostro·

125 1731 222 1760 rum
236 1723 459 1774 parentum
479 1723 668 1771 peccata,
685 1715 781 1772 quia
795 1715 1034 1772 lugentibus
1053 1716 1213 1757 dictum
1227 1725 1304 1759 est:
1322 1735 1337 1756 a
1351 1717 1509 1762 Luctus

124 1790 296 1826 »vester
317 1782 359 1824 in
385 1781 586 1838 gaudium
623 1781 940 1824 convertetur&
975 1800 990 1820 ιι
1028 1781 1296 1825 Seminemus
1318 1799 1433 1827 nunc
1464 1786 1506 1828 in

122 1850 242 1894 luctu
257 1880 269 1898 ‚
292 1855 340 1890 ut
362 1856 569 1889 metemus
590 1854 693 1889 tuuc
716 1848 758 1889 in
782 1848 936 1905 gaudio
960 1849 1018 1904 (2)
1038 1863 1135 1889 cum
1159 1849 1238 1890 illis
1255 1881 1265 1898 ,
1285 1850 1336 1892 de
1351 1851 1505 1906 quibus

123 1913 343 1960 Psalmista
366 1911 468 1954 dicit
487 1927 496 1954 :
515 1912 698 1954 «Euntcs
720 1913 836 1955 ibant
857 1921 897 1956 et
917 1912 1078 1955 ssebant
1101 1913 1318 1957 mittentes
1339 1917 1498 1960 semina

124 1994 255 2028 »sua3
292 1978 505 2020 venientes
538 1985 679 2020 autem
717 1979 886 2020 venient
923 1978 965 2020 in
999 1979 1258 2021 exultatione
1288 1989 1502 2036 portantes

123 2043 394 2101 »manipulos
416 2041 553 2085 suos⁵.
570 2062 588 2082 ι»
615 2042 740 2086 Vides
767 2058 865 2101 ergo
889 2058 1013 2100 quam
1037 2044 1186 2086 beatus
1210 2045 1252 2087 in
1275 2044 1502 2104 Scripturis

120 2108 379 2168 praedicatur
399 2108 553 2150 luctus.
576 2107 688 2151 Audi
712 2108 850 2151 adhuc
874 2111 989 2166 quod
1010 2109 1051 2151 in
1073 2109 1154 2151 vita
1180 2110 1350 2152 Patrum
1375 2112 1503 2170 scrip-

122 2183 214 2218 tum
234 2181 308 2216 est.
334 2173 536 2216 Miserunt
559 2174 783 2231 aliquando
805 2190 924 2216 senes
949 2176 1001 2216 de
1026 2184 1170 2216 monte
1193 2175 1335 2218 Nitriae
1367 2177 1424 2232 (5)
1450 2179 1500 2220 ad

121 2240 320 2283 abbatem
342 2239 569 2282 Macarium
586 2239 792 2297 majorem
826 2242 869 2283 in
889 2240 1069 2290 Scetim,
1103 2249 1296 2298 rogantes
1319 2250 1365 2283 ut
1387 2243 1500 2284 veni-

121 2313 188 2349 ret
211 2305 264 2348 ad
294 2320 379 2348 eos.
405 2305 604 2363 Alioquin
636 2307 763 2349 sciret
795 2322 964 2350 omnem
986 2306 1303 2350 multitudinem
1322 2309 1374 2351 ad
1401 2324 1498 2351 eum

123 2384 215 2415 esse
237 2371 390 2414 ituram
408 2403 419 2420 ‚
444 2385 494 2413 eo
511 2371 625 2428 quod
649 2371 935 2415 desiderarent
955 2372 1097 2414 videre
1120 2386 1217 2415 eum
1232 2405 1242 2422 ,
1274 2382 1499 2430 antequam

169 2479 182 2503 ¹
199 2481 301 2514 Marc.
320 2492 370 2524 xx,
390 2482 449 2518 43.
470 2499 514 2506 -
532 2480 548 2504 ²
562 2481 684 2516 Matth.
702 2494 734 2522 v,
754 2484 787 2516 5.
808 2501 851 2508 —
869 2481 883 2506 ³
902 2495 920 2514 2
947 2485 1025 2517 Cor.
1049 2494 1110 2526 xn,
1131 2494 1188 2518 ax.
1213 2503 1254 2507 —
1271 2481 1286 2507 ⁴
1302 2485 1396 2518 Joan.
1417 2496 1472 2517 xvi
1486 2512 1494 2528 ,

124 2547 181 2570 20.
197 2554 244 2562 —
256 2534 271 2559 ⁵
288 2537 369 2570 Psal.
388 2549 484 2580 cxxv,
499 2539 531 2570 6.

167 2622 218 2665 (1)
232 2619 312 2654 Cod.
326 2620 416 2653 addit
431 2621 522 2663 quia.
537 2619 709 2665 —(a)1d.
729 2622 760 2654 in
776 2622 951 2665 gaudium.
965 2640 1011 2648 -
1028 2621 1078 2665 (3)
1098 2622 1145 2654 Id.
1166 2621 1247 2653 male
1267 2622 1389 2657 vitrice,

249 2697 387 2735 cxxx}
410 2683 500 2732 bis.
1305 2685 1362 2731 32
