1885 3284
378 260 466 305 156
777 279 811 309 s·
856 278 1099 309 mausum
1137 279 1341 311 Eplscom

373 340 556 396 »Quam
583 341 772 405 pulchra
815 360 880 399 es,
919 354 960 388 et
986 360 1116 406 quam
1156 344 1341 401 deeora,
1382 347 1638 394 charissima
1658 388 1668 404 ‚
1699 351 1744 398 in

374 431 396 451 »
414 411 620 460 deliciis¹.
635 437 652 454 υ
678 414 771 459 Sub
790 415 931 474 figura
954 415 1015 460 tui
1035 415 1273 462 Raehelem
1290 430 1495 464 venustus
1521 420 1666 467 vultus
1681 425 1696 485 (
1711 426 1744 484 ι)

373 484 588 537 ornavit2‚
627 495 711 529 et«
732 485 867 530 Maria
901 486 1112 548 optimam
1148 499 1346 551 partem,
1377 506 1479 552 quae
1519 508 1744 555 nunquam

374 576 388 591 »
409 553 645 608 auferetur‚
667 555 835 615 elegitss.
855 578 874 597 υ
895 558 962 601 Tu
987 557 1126 602 areola
1151 571 1394 604 aromatum
1419 597 1430 615 ,
1455 571 1500 606 tu
1521 561 1617 607 fons
1645 563 1747 610 hor-

376 634 521 670 torum
542 663 551 677 ,
590 637 637 671 tu
671 627 833 672 malum
870 629 1098 690 punicum.
1146 630 1267 675 Licet
1305 631 1419 675 enim
1457 634 1747 680 nescientibus

376 712 519 740 amara
545 696 729 743 videaris
746 698 788 742 in
803 699 981 745 cortice.
1004 698 1076 744 szd
1103 717 1309 760 magnum
1332 702 1531 765 estquod
1548 704 1746 750 intrinse-

375 783 452 811 cus
470 767 591 820 latet,
614 785 711 813 cum
731 781 989 831 perventum
1010 769 1136 815 fuerit
1155 770 1208 815 ad
1225 772 1484 817 suavitatem
1504 774 1721 821 medullae.

438 838 535 885 Vll.
567 839 605 883 O
632 856 826 894 eremus,
856 841 1008 886 muudi
1036 843 1333 904 persequentis
1355 844 1562 903 effugium
1581 882 1590 898 ‚
1618 845 1747 891 labo-

371 909 561 954 rantium
585 911 705 973 quies
721 947 731 965 ,
765 913 975 957 mentium
999 912 1237 958 consolatio
1260 949 1270 966 ‚
1298 914 1352 958 ab
1372 925 1480 959 aestu
1503 915 1653 961 saeculi
1674 933 1748 961 re—

368 977 588 1039 frigerium
617 1018 627 1035 ,
669 981 881 1044 peccandi
932 982 1165 1045 repudium
1188 1020 1199 1039 ,
1247 983 1425 1029 libertas
1469 986 1741 1031 animarum!

373 1050 432 1094 Te
458 1050 597 1096 David
620 1052 743 1113 petiit
763 1069 863 1097 eum
886 1052 1040 1098 mundi
1069 1054 1180 1099 mala
1205 1053 1438 1116 perferret.
1466 1072 1566 1100 cum
1605 1055 1745 1101 timidi

373 1132 412 1165 et
432 1122 645 1168 tenebrosi
681 1123 824 1169 cordis
852 1124 1032 1170 teedium
1069 1125 1307 1170 sustineret.
1359 1147 1376 1167 «
1395 1126 1534 1181 Ecce,
1567 1127 1711 1189 inquit
1734 1164 1744 1179 ‚

371 1192 600 1253 »elongavi
626 1195 794 1254 fugiens
810 1232 819 1241 .
837 1207 877 1240 et
894 1196 1029 1240 mansi
1055 1196 1095 1240 iu
1114 1195 1393 1242 solitudinel’.
1407 1219 1423 1237 υ
1443 1197 1496 1241 Et
1518 1196 1625 1258 quid
1642 1195 1747 1242 alios

372 1279 601 1308 memorem
622 1302 631 1312 .
659 1265 1018 1327 quandoquidem
1042 1267 1133 1328 ipse
1152 1267 1428 1330 Redemptor
1450 1267 1680 1311 hominum
1703 1268 1746 1312 in

370 1333 544 1379 exordio
565 1352 654 1380 suae
681 1336 1059 1391 manifestationis,
1094 1338 1276 1382 invisere
1296 1375 1306 1392 ‚
1335 1355 1383 1383 ac
1405 1338 1584 1400 propria
1610 1347 1648 1382 te
1680 1338 1748 1401 (2⁸)

373 1403 575 1464 dignatus
600 1418 660 1451 est
680 1407 951 1452 habitatione.
965 1411 1166 1452 sacrare?
1187 1409 1426 1471 Postquam
1448 1410 1561 1453 enim
1586 1409 1749 1472 baptis-

375 1476 501 1520 matis
517 1493 671 1539 aquam
695 1479 760 1539 ,(3)
781 1515 791 1526 .
813 1495 896 1541 qua
916 1478 1029 1524 lotus
1047 1490 1125 1534 est,
1154 1479 1259 1524 lavit
1277 1517 1286 1531 ,
1311 1491 1357 1524 ut
1379 1479 1650 1538 Evangelista
1672 1491 1750 1524 tes-

374 1557 508 1597 tatur,
533 1552 675 1593 statim
706 1549 930 1611 «Spiritus
956 1550 1118 1612 expulit
1138 1550 1296 1595 eumin
1322 1550 1566 1605 desertum,
1593 1562 1634 1595 et
1659 1562 1750 1595 erat

376 1640 395 1658 »
414 1618 457 1662 in
483 1617 649 1664 deserto
676 1620 964 1683 quadraginta
1005 1620 1159 1666 diebus
1179 1658 1188 1676 ‚
1219 1632 1259 1666 et
1295 1621 1587 1685 quadraginta
1615 1621 1750 1666 noeti-

376 1711 395 1729 »
410 1688 519 1745 bus,
553 1700 595 1734 et
623 1691 875 1736 tentabatur
903 1709 924 1736 a
949 1692 1134 1747 Satauci,
1161 1703 1340 1754 eratque
1371 1709 1470 1738 cum
1511 1692 1657 1737 bestiis
1673 1691 1706 1738 5.
1730 1713 1750 1732 »

372 1760 623 1805 Debitorem
647 1779 747 1822 ergo
774 1780 816 1807 se
843 1763 923 1808 tibi
958 1764 1146 1807 mundus
1176 1774 1411 1822 agnoscat.
1443 1762 1557 1807 unde
1581 1762 1752 1825 praedi-

373 1842 577 1876 eaturum
606 1850 654 1878 ac
684 1833 894 1878 miracula
921 1833 1140 1879 facturum
1174 1833 1410 1895 suscepisse
1436 1850 1477 1878 se
1509 1833 1749 1878 Dominum

372 1917 459 1946 non
482 1901 666 1960 ignorat,
697 1903 735 1948 O
759 1921 926 1948 eremus
942 1941 951 1950 .
981 1903 1174 1949 terribile
1202 1904 1400 1962 malignis
1425 1903 1655 1966 spiritibus
1672 1903 1750 1949 ha-

372 1971 615 2017 bitaculum
634 2010 643 2020 .
682 1974 759 2019 ubi
787 1974 907 2019 cellae
935 1974 1252 2020 monachorum
1276 1974 1395 2019 velut
1421 1975 1600 2019 tentoria
1627 1973 1752 2019 ordi-

375 2053 474 2086 nata
493 2054 752 2096 castrorum,
776 2046 896 2107 quasi
918 2056 1053 2090 turres
1073 2045 1175 2090 Sion
1189 2081 1198 2098 ‚
1217 2056 1257 2090 et
1273 2045 1397 2108 quasi
1418 2045 1752 2108 propugnacula

375 2112 529 2160 Israel.
548 2114 774 2174 eriguntur
799 2116 1004 2162 adversus
1030 2116 1238 2179 Assyrios,
1259 2127 1299 2161 et
1324 2127 1474 2161 eontra
1496 2116 1647 2162 faciem
1668 2117 1750 2161 Da—

375 2184 537 2229 masci!
580 2186 673 2231 lmo
698 2204 796 2232 eum
824 2187 866 2232 in
898 2187 1055 2232 eisdem
1089 2186 1255 2231 cellulis
1276 2204 1362 2232 uno
1388 2187 1543 2250 spiritu
1581 2186 1751 2232 diversa

375 2266 586 2314 geruntur
607 2256 747 2302 officia
764 2295 774 2313 ‚
797 2258 901 2303 dum
919 2258 1119 2303 videlieet
1135 2257 1209 2303 hie
1228 2258 1445 2321 psallitur,
1475 2258 1563 2303 illic
1582 2269 1748 2310 oratur,

372 2326 414 2370 in
438 2325 510 2371 illa
536 2327 762 2379 scribitur,
788 2329 832 2374 in
854 2328 947 2374 aliis
965 2346 1065 2375 vero
1086 2329 1293 2392 operibus
1307 2329 1435 2375 variis
1458 2328 1751 2374 manuumin-

419 2444 535 2475 ¹Cant.
553 2455 615 2483 v11,
637 2448 667 2476 6.
684 2465 725 2470 -
742 2445 965 2485 2Gen.xx1x,
986 2461 1035 2488 17-
1056 2467 1100 2474 -—
1119 2447 1133 2470 3
1150 2452 1226 2482 Luc.
1250 2460 1282 2486 x„
1299 2456 1355 2484 ἰοὶ.
1373 2467 1417 2473 ·—
1435 2446 1449 2469 4
1464 2449 1543 2480 Psal.
1566 2459 1631 2484 ων,
1647 2449 1682 2482 8.
1703 2465 1750 2473 -

371 2497 385 2519 ⁵
403 2502 504 2531 Marc.
533 2511 562 2539 1,
588 2511 638 2532 12.

412 2587 413 2591 ¹
430 2569 462 2613 1)
491 2572 571 2603 Cod-
586 2572 761 2605 Rachelem
786 2578 918 2606 venusti
934 2578 1047 2606 vultus
1067 2578 1200 2609 ornavit.
1227 2595 1267 2602 -
1287 2578 1335 2620 (2)
1359 2577 1406 2609 ld.
1429 2577 1511 2608 male
1527 2577 1750 2618 propt-[atate-

370 2646 411 2652 --
432 2627 481 2670 (3)
499 2627 671 2670 ld.-aqua.
