1868 3301
312 257 407 314 428
577 276 612 305 s.
658 278 902 309 Auens-'suxi
940 280 1147 309 misceri
1185 280 1424 311 ΑΡΡΕΝΒιΧ.

314 337 482 395 gionem
508 341 624 396 quasi
650 344 836 386 volantes
870 345 1156 394 circuierunt;
1184 360 1268 387 non
1292 346 1471 403 simplici
1507 347 1652 388 labore
1679 380 1687 397 ‚

313 404 379 444 vel
402 404 442 445 in
465 419 618 448 vanum
639 408 785 451 itinera
817 419 1114 467 percurrentes
1129 443 1139 459 ,
1164 411 1238 453 sed
1262 421 1533 468 peccatorum
1553 413 1690 468 spinas

314 470 472 526 pariter
506 471 731 516 evellentes
750 508 760 523 ‚
796 477 973 518 verbum
1005 476 1191 518 veritatis
1222 477 1379 534 ubique
1401 479 1657 520 seminantes
1680 512 1689 525 .

315 549 479 576 errores
506 535 759 594 effugantes,
786 541 1005 584 veritatem
1038 543 1317 591 reducentes,
1357 543 1467 599 ipsos
1499 543 1689 586 homines

316 601 432 654 quasi
450 616 500 642 ex
527 603 790 648 daemonibus
818 607 1000 664 Angelos
1037 610 1241 650 fecerunt.
1273 607 1309 650 Ο
1334 622 1459 664 quam
1480 609 1693 651 mirabiles

315 663 466 707 fluvios
498 668 710 725 sapientiae
747 679 788 712 et
811 672 996 714 scientiae
1018 673 1095 714 Dei
1122 673 1180 714 illi
1212 672 1332 714 nobis
1361 683 1622 729 genuerunt,
1649 682 1692 715 et

318 730 506 773 sanitatis
527 742 570 775 et
601 734 764 777 virtutis
796 736 984 779 fructum
1020 737 1240 795 copiosum
1278 738 1554 779 obtulerunt!
1588 738 1693 781 Nam

317 794 450 844 sicut,
479 799 728 842 adveniente
751 802 846 844 luce
868 802 974 853 diei,
1010 803 1284 860 aegritudines
1321 802 1568 845 alleviantur
1585 836 1596 851 ‚
1622 803 1696 844 ho-

317 859 450 903 mines
471 877 492 904 a
517 878 665 907 somno
687 867 944 917 excitantur,
972 884 1067 911 aves
1100 868 1316 925 garriunt,
1342 868 1486 910 bestiae
1522 870 1574 910 ad
1605 868 1695 910 lati-

316 926 414 968 bula
437 927 622 985 fugiunt3
645 932 704 973 sic
726 942 969 976 sanctorum
993 935 1294 991 Apostolorum
1316 935 1410 975 luce
1428 933 1692 981 adveniente,

314 992 501 1036 mundus
526 995 762 1039 aedificatur
793 999 834 1040 in
860 999 1111 1049 credendis,
1138 1000 1409 1041 foecundatur
1434 999 1475 1041 in
1496 997 1694 1055 operibus

317 1057 462 1106 bonis,
490 1060 708 1103 alleviatur
732 1078 750 1105 a
773 1065 980 1121 peccatis,
1006 1066 1217 1107 excitatur
1246 1080 1267 1106 a
1290 1064 1572 1122 negligentiis,
1612 1063 1694 1105 ani-

315 1131 456 1165 matur
479 1126 531 1167 ad
548 1129 973 1185 contemplationem,
1000 1131 1180 1187 eripitur
1207 1145 1227 1171 a
1247 1144 1371 1187 poena
1394 1129 1691 1174 tenebrarum.

314 1194 355 1228 et
376 1187 433 1229 sic
459 1203 534 1246 per
554 1206 625 1233 eos
641 1194 889 1248 perducitur
912 1197 963 1237 ad
984 1210 1110 1252 regna
1134 1195 1348 1238 coelorum.

311 1398 343 1408 »a
352 1398 743 1411 nmxzxmussxztszx
752 1402 809 1412 §u
818 1403 1186 1415 xoeaxmmmssmtaexvss
1195 1404 1314 1414 ιικικω
1323 1405 1373 1413 ιν,-
1383 1403 1496 1413 xxxm-
1519 1401 1682 1412 x=x==m

778 1564 984 1608 SERMO
1019 1565 1228 1608 LXXXI.

663 1702 733 1746 De
770 1703 1029 1747 Communi
1065 1705 1350 1765 Martyrum.

374 1867 659 1910 ΕιῖιιείίιυἸιίο
679 1885 812 1911 sermo
837 1886 891 1911 ex
918 1870 1023 1912 Bibl.
1053 1870 1208 1918 AEdd„
1248 1869 1347 1911 Corl.
1383 1870 1533 1928 x‚s0l.
1561 1876 1614 1912 50
1649 1870 1697 1921 b;

313 1936 418 1977 uncle
437 1940 608 1994 ponitur
638 1941 679 1977 ιή
704 1938 970 1995 appendicem
992 1947 1094 1995 post
1127 1953 1355 1979 sermonem
1388 1938 1697 1979 Blaurl'nensem

316 2018 478 2046 ccxxvii
497 2019 583 2045 cum
607 2021 772 2045 nurnero
792 2005 843 2046 de
862 2009 1017 2046 sanctis
1040 2005 1295 2059 Illartyrl'bus
1311 2020 1348 2046 v.

864 2192 1142 2235 SYNOPSIS.

368 2331 403 2368 Ι.
435 2331 661 2382 Martyrum
682 2328 896 2368 fortitudo.
923 2327 974 2366 II.
998 2328 1087 2365 Haec
1105 2326 1170 2366 vel
1185 2327 1224 2365 in
1241 2340 1335 2379 pace
1350 2327 1555 2366 imitanda.

379 2491 412 2531 l.
449 2490 704 2530 §neronum
743 2488 996 2545 Martyrum,
1031 2488 1176 2529 fratres
1199 2486 1465 2535 charissimi,
1491 2489 1694 2530 solemnia

322 2554 607 2601 celebramus,
645 2553 715 2609 qui
745 2568 828 2594 non
862 2554 995 2594 solum
1028 2552 1257 2610 pretiosum
1294 2553 1540 2609 sanguinem
1572 2569 1694 2596 sunm

322 2618 578 2665 effuderunt,
594 2618 804 2659 sedetiam
826 2616 976 2659 mentis
989 2619 1176 2659 dolorem
1194 2617 1234 2659 in
1249 2617 1499 2660 necessitate
1518 2618 1694 2674 proximi
