1868 3301
257 216 351 261 ,506
530 230 566 259 s.
610 229 852 261 sconsum
891 232 1091 262 nmscorl
1132 232 1368 265 APPENnix.

255 296 414 339 electis.
454 295 498 337 In
537 295 738 338 Lectione
769 313 1023 355 cognoscere
1047 307 1163 355 potes
1188 301 1318 355 qualis
1344 301 1631 358 poena,qualis

258 363 400 404 luctus
419 394 427 407 ‚
452 362 574 417 quale
598 363 848 419 supplicium
876 364 1068 405 imminet
1090 365 1208 406 matis
1223 397 1232 409 .
1251 366 1414 421 injustis
1434 376 1476 408 et
1495 367 1632 424 impiis

258 425 515 469 hominibus.
534 426 612 467 Per
634 427 879 470 Lectioncm
905 443 1161 487 cognoscere
1184 431 1310 479 vates,
1331 432 1430 488 quid
1450 433 1633 474 audituri

256 500 354 535 sunt
379 491 480 532 boni
504 492 569 533 vel
587 492 685 533 mati
713 493 751 534 in
786 494 852 535 die
877 493 1037 547 iudicii.
1068 495 1183 537 Malis
1203 496 1314 537 enim
1333 512 1354 538 a
1374 497 1555 539 Domino
1573 497 1634 539 di-

257 566 379 600 cetur
405 571 449 596 :a
466 556 541 605 Ite,
574 558 812 606 maledicti,
831 559 1024 616 inignem
1043 568 1248 602 aeternum
1264 593 1274 607 ,
1293 562 1365 618 qui
1383 570 1552 618 paratus
1573 570 1636 604 est

257 622 456 663 »diabolo
481 626 523 661 et
545 620 716 677 Angelis
741 623 855 678 rjus¹
876 640 888 672 ς
909 643 924 663 ι»
948 625 1068 666 bonis
1094 641 1191 666 vero
1215 626 1380 667 dicetur
1404 641 1446 667 :a
1468 627 1635 674 Venite,

257 707 271 726 υ
287 685 501 728 benedicti
524 686 657 729 Patris
684 689 763 729 mei
782 720 791 737 ‚
819 690 1024 746 percipite
1048 706 1223 748 regnum
1244 693 1357 748 quod
1383 692 1499 733 vobis
1518 707 1637 749 para-

257 772 273 792 »
290 761 377 794 tum
401 761 465 793 est
495 753 545 793 ab
578 753 740 810 origine
770 754 958 797 mundi².
975 774 989 795 »
1020 755 1119 798 Haec
1141 757 1255 798 enim
1278 757 1417 798 omnia
1435 757 1636 799 Lectione

259 818 457 860 continua
473 817 685 860 discimus,
699 818 843 861 Lectio
861 821 974 862 enim
995 822 1276 872 administrat,
1295 825 1509 879 quomodo
1528 838 1641 880 pros·

258 897 357 942 pera
374 914 384 930 ‚
409 884 623 939 quomodo
644 885 817 926 adversa
841 886 1022 928 tolerare
1054 887 1223 930 debeas.
1253 888 1525 946 Quapropter
1540 889 1642 930 sub-

261 950 526 1006 jungendum
552 957 615 990 est
647 949 716 992 hic
741 951 901 1007 aliquid
921 983 933 1001 ,
960 952 1074 1008 quod
1098 952 1141 994 in
1170 954 1369 1011 exemplis
1398 963 1642 996 sanctorum

259 1014 435 1056 Patrum
454 1014 550 1071 legi,
572 1015 643 1071 qui
665 1013 932 1058 infirmitates
951 1018 1017 1059 vel
1035 1017 1176 1060 omnia
1200 1019 1372 1060 adversa
1395 1034 1471 1076 pro
1489 1019 1643 1061 Christi

262 1094 407 1122 amore
429 1080 639 1136 patienter
660 1082 841 1123 tolerare
864 1082 1134 1124 studuerunt.
1163 1083 1262 1125 Haec
1283 1085 1417 1141 legas,
1443 1083 1532 1127 haec
1551 1099 1642 1127 me·

260 1144 405 1189 moriae
429 1147 728 1196 commendes;
761 1147 852 1190 illos
869 1149 966 1191 totis
983 1147 1141 1191 viribus
1164 1148 1321 1192 imitari
1341 1151 1479 1193 stude.

795 1471 975 1515 CAPUT
1006 1472 1126 1516 XIII.

401 1599 463 1639 De
478 1597 775 1640 Admom'ttone
798 1593 1122 1637 Tribulationum
1140 1605 1182 1637 et
1201 1596 1504 1653 Irfirmz'tcztum.

326 1758 500 1800 Honor.
520 1756 648 1813 igitur
669 1788 679 1804 ‚
704 1763 749 1796 ut
773 1754 805 1796 si
831 1753 1060 1797 Infirmitas
1083 1754 1148 1795 vel
1179 1753 1455 1796 contrarietas
1479 1753 1552 1796 tibi
1580 1768 1647 1796 ac-

269 1824 489 1879 ciderit(‹)
509 1854 517 1873 ,
544 1831 751 1878 quatenus
776 1820 924 1877 perfici
943 1821 1103 1867 valeas,
1123 1819 1231 1861 scire
1254 1819 1436 1876 qualiter
1465 1819 1644 1861 tribula-

270 1890 408 1931 tiones
440 1902 672 1943 omnesque
696 1885 967 1928 Infirmitates
989 1886 1170 1926 tolerare
1193 1885 1369 1932 debeas,
1396 1893 1434 1927 te
1466 1893 1644 1942 oportetw

271 1953 461 1998 Lectioni
483 1962 571 1994 esto
594 1952 754 1999 dedita3
792 1951 848 1992 ibi
872 1951 984 1993 enim
1020 1949 1207 1992 invenies
1233 1965 1274 1991 z«
1292 1949 1378 2008 Ego
1409 1952 1519 1991 enim
1546 1965 1649 2006 quos

270 2039 286 2059 ν
301 2034 397 2062 amo
420 2018 585 2074 corrigo
606 2026 647 2059 et
666 2016 824 2074 castigo
842 2015 873 2059 ³.
888 2035 901 2055 n
934 2016 974 2058 Si
997 2016 1201 2058 Dominus
1218 2030 1321 2072 quos
1344 2024 1456 2057 amat
1478 2016 1653 2073 corrigit

271 2094 313 2127 et
337 2084 538 2139 castigat,
563 2097 663 2139 ergo
688 2087 729 2124 et
767 2091 834 2128 tu,
859 2082 1009 2130 Mater,
1039 2096 1131 2123 ama
1163 2081 1279 2138 argui
1313 2089 1356 2122 et
1378 2081 1572 2138 castigari
1595 2081 1648 2122 ab

273 2150 358 2191 illo.
374 2149 707 2204 Qualiscumque
725 2146 944 2188 infirmitas
961 2146 1037 2188 tibi
1056 2146 1293 2193 advenerit,
1314 2147 1492 2203 gratanti
1512 2146 1653 2188 animo

274 2214 437 2270 suscipe
454 2213 579 2254 iliam.
594 2213 698 2254 Voio
716 2212 789 2254 tibi
808 2227 934 2253 unam
958 2226 1046 2253 rem
1062 2212 1112 2252 de
1127 2211 1304 2252 Historia
1318 2211 1544 2267 Tripartita
1557 2225 1651 2252 nar-

274 2295 368 2322 rare
387 2313 393 2324 ,
423 2294 548 2335 qnam
572 2279 751 2321 subinde
770 2279 865 2321 volo
880 2287 925 2319 ut
941 2279 1052 2333 legas
1069 2286 1110 2319 et
1128 2277 1339 2319 memoriae
1358 2278 1646 2318 commendes.

273 2344 375 2387 Fuit
391 2343 614 2400 Beniamin
639 2344 792 2393 senior,
818 2343 888 2400 qui
910 2343 1031 2385 valde
1065 2343 1219 2385 clarior
1243 2342 1499 2391 habebatur,
1538 2343 1649 2385 dono

326 2454 336 2476 ¹
358 2454 474 2486 Matth.
495 2466 566 2493 xxv,
588 2462 700 2489 41.--
717 2455 833 2488 ‘²1bid.
852 2457 910 2493 34.
926 2474 968 2480 —
990 2453 1004 2478 3
1023 2457 1127 2500 Apoc.
1152 2466 1200 2493 m,
1220 2465 1275 2496 19.

329 2534 378 2582 (1)
399 2536 460 2570 Hic
477 2536 620 2578 qnaedam
647 2537 755 2569 deesse
777 2537 938 2575 videntur,
966 2538 1072 2580 qualia
1101 2537 1207 2570 forent
1228 2538 1285 2570 ista
1305 2547 1313 2569 :
1339 2537 1508 2568 Patiencer
1524 2536 1647 2574 colvm

280 2594 393 2637 quibus
412 2592 570 2635 rttperfici
580 2593 699 2626 valeas
713 2618 721 2632 ,
740 2600 803 2628 etc.
