1868 3301
375 268 469 324 524
639 284 673 313 s,
718 283 963 313 AUGUS'rtNt
1000 282 1202 313 sst’tsool’t
1243 280 1478 310 Arrmnix.

376 367 393 389 n
408 364 476 391 sus
499 349 694 405 abyssum
716 347 949 396 invocat¹,»
964 364 984 390 a
1003 350 1059 403 (1)
1075 347 1233 404 judicio
1253 362 1335 388 suae
1349 346 1616 388 conscientiae
1631 348 1751 389 iread

375 413 582 471 judicium
596 428 680 455 succ
694 414 974 455 damnationis
998 422 1208 471 perpetua:
1221 413 1260 453 in
1277 427 1378 453 voce
1393 420 1699 454 cataractarum
1716 413 1748 460 ²,

376 479 419 521 id
440 487 531 527 est,
555 478 597 519 in
619 479 966 535 praedicatiouum
990 494 1104 520 voce.
1138 479 1211 518 Dic
1238 476 1367 524 mihi,
1406 486 1498 533 post
1526 478 1749 534 Apostolos

375 544 508 600 qualis
530 544 683 586 doctor
702 543 827 585 suerit
853 544 1058 601 Origenes
1082 544 1192 585 inter
1223 543 1393 584 Graecos
1413 576 1420 588 ‚
1445 542 1566 598 cujus
1592 551 1752 599 septem

373 610 502 652 millia
514 610 943 665 sexcentoslibros(2)
959 610 1224 652 beatissimus
1244 608 1526 664 Hieronymus
1544 608 1753 664 selegisse

373 674 551 723 fatetur;
580 676 704 717 talem
727 675 853 717 vitam
871 675 991 717 duxit
1012 674 1282 717 beatissimus
1312 673 1531 729 Origenes.
1560 673 1664 715 Nam
1691 688 1754 714 re-

373 739 454 781 fert
479 739 530 781 de
545 741 694 782 eodem
715 740 967 783 Ambrosius
990 773 999 788 ‚
1021 741 1137 797 quod
1159 740 1241 780 vita
1267 738 1396 796 ipsius
1417 738 1490 779 viri
1516 737 1751 781 doctissimi

378 814 490 854 erat,
525 807 638 862 quod
676 821 853 863 panem,
890 815 933 849 et
954 807 1036 855 sal,
1070 815 1112 848 et
1133 819 1284 862 aquam
1310 819 1383 860 pro
1409 803 1521 845 victu
1549 804 1751 851 habebat,

372 885 451 927 pro
474 871 624 913 vestitu
651 872 837 914 tunicam
868 871 1080 914 cilicinam
1113 885 1247 927 usque
1282 869 1332 910 ad
1358 869 1513 926 pedes,
1555 869 1755 924 nudoque

372 937 484 992 pede
505 937 728 987 incedens,
747 938 802 979 ita
826 946 871 980 ut
891 937 1025 979 oratio
1046 937 1290 983 lectionem,
1316 943 1358 976 et
1375 934 1501 976 lectio
1521 934 1755 976 orationem

378 1001 470 1058 ejus
491 1001 739 1059 susciperet.

900 1285 1078 1327 CAPUT
1111 1284 1230 1326 XIX.

652 1400 869 1456 Quomodo
887 1399 1065 1440 Pollutc'o
1083 1407 1282 1439 noc-tuma
1305 1397 1487 1438 accidat.

422 1542 652 1593 QUAEmTUn
673 1547 766 1596 post
787 1538 1043 1582 illusionem,
1058 1552 1150 1593 quae
1163 1552 1235 1593 per
1246 1536 1457 1577 somnium
1477 1537 1670 1577 accidere
1688 1550 1757 1576 so—

377 1609 452 1656 let,
471 1614 612 1647 utrum
629 1620 781 1660 corpus
794 1604 962 1645 Domini
976 1604 1153 1658 quilibet
1169 1603 1362 1659 accipere
1380 1603 1602 1647 valeat‚vcl
1619 1616 1759 1642 sacer-

378 1675 455 1714 dos
493 1686 608 1712 sncra
633 1669 830 1726 mysteria
854 1670 990 1709 valeat
1013 1668 1242 1710 celebrare.
1272 1668 1497 1722 Gregorius
1514 1667 1641 1708 habet
1663 1666 1756 1722 qui-

378 1740 498 1780 dem:
514 1737 830 1778 Testamentum
852 1733 1011 1775 Veteris
1029 1733 1164 1789 Legis,
1179 1733 1337 1774 sicutin
1351 1732 1555 1788 superiori
1575 1731 1757 1787 capitulo

374 1804 458 1859 jam
482 1801 687 1847 diximus,
711 1800 917 1856 pollutum
942 1798 1018 1839 nisi
1044 1813 1148 1854 aqua
1173 1799 1306 1839 lotum
1326 1797 1520 1850 usquead
1540 1811 1757 1852 vesperam

377 1869 538 1910 intrare
550 1865 773 1907 ecclesiam
793 1880 876 1905 nou
895 1865 1131 1905 concedere
1145 1863 1313 1904 dicitur.
1331 1863 1458 1914 Quod
1474 1871 1614 1902 tamen
1639 1862 1757 1902 aliter

376 1934 558 1992 populus
580 1930 807 1987 spiritualis
826 1929 1064 1986 intelligens
1087 1929 1165 1970 sub
1188 1930 1337 1970 eodem
1361 1929 1579 1969 intellectu
1604 1926 1757 1982 accipit

377 2000 490 2057 quod
513 1997 674 2055 praesati
699 2011 867 2043 sumus;
892 1996 990 2051 quia
1008 1994 1205 2052 illequasi
1222 2009 1296 2050 per
1314 1992 1523 2034 somnium
1547 1992 1753 2039 illuditur,

377 2065 446 2121 qui
461 2071 650 2106 tentatur
673 2061 958 2109 immunditia,
980 2069 1021 2102 ct
1040 2060 1151 2101 vanis
1171 2059 1422 2116 imaginibus
1444 2059 1483 2099 in
1501 2057 1756 2114 cogitatione

376 2130 635 2187 inquinatur.
664 2126 749 2169 Sed
771 2128 973 2169 lavandus
1000 2134 1063 2168 est
1087 2140 1213 2181 aqua,
1244 2134 1290 2166 ut
1318 2125 1484 2180 culpam
1507 2123 1659 2179 iniqua}
1683 2136 1756 2164 co-

377 2195 590 2254 gitationis
629 2192 828 2250 lacrymis
862 2194 1027 2245 abluat,
1049 2200 1090 2233 et
1119 2191 1194 2232 nisi
1227 2190 1342 2247 prius
1371 2189 1612 2231 tentationis
1640 2189 1756 2245 signa

377 2263 607 2308 recedant,
639 2274 681 2300 se
714 2258 830 2316 quasi
861 2273 980 2300 reum
1004 2259 1055 2299 ad
1077 2271 1297 2314 vesperum
1316 2263 1557 2313 cognoscat.
1588 2253 1670 2296 Sed
1693 2262 1756 2296 est

378 2327 419 2369 in
434 2328 583 2368 eadem
609 2324 804 2366 illusione
828 2323 1027 2366 discretio
1049 2323 1169 2364 valde
1193 2321 1453 2369 necessaria,
1478 2335 1570 2376 quae
1595 2318 1755 2361 subtili-

383 2401 446 2434 ter
465 2390 635 2449 pensari
661 2389 826 2432 debeat.
852 2389 909 2431 Ea
932 2403 1023 2446 quae
1048 2388 1202 2430 accidit
1229 2386 1288 2443 (5)
1317 2385 1449 2428 menti
1467 2384 1715 2428 dormientis
1741 2417 1751 2433 ,

381 2457 605 2514 aliquando
634 2470 685 2497 ex
701 2455 894 2512 crapula,
919 2454 1144 2512 aliquando
1167 2467 1219 2496 ex
1246 2460 1406 2494 naturae
1427 2450 1720 2510 superfluitate
1740 2483 1751 2499 ‚

426 2559 435 2580 ¹
457 2558 542 2592 Psal.
561 2569 628 2597 xm,
647 2560 677 2590 8.
691 2573 741 2582 -—
753 2555 769 2579 Ἰ
782 2556 869 2591 lbid.

415 2638 466 2685 (1)
485 2639 566 2673 cod.
589 2640 632 2672 in.
649 2656 691 2664 —-
705 2637 754 2683 (2)
771 2638 818 2672 Id.
837 2638 917 2671 male
937 2637 1024 2671 addit
1039 2637 1118 2680 ejus.
1133 2654 1179 2662 -
1193 2634 1244 2682 (3)
1260 2635 1307 2669 Id.
1329 2644 1360 2667 et
1376 2647 1462 2678 qnoe.
