1885 3284
327 308 417 365 2th
597 320 632 354 s.
677 320 923 352 Aecus-mm
958 318 1162 350 EPISCOPI
1198 319 1437 351 APPENDlx.

322 405 426 447 quos
440 390 564 432 etiam
588 390 714 446 pedes
736 389 948 431 osculatus
960 386 1064 434 suit;
1091 387 1140 428 ad
1153 400 1340 429 mensam
1353 402 1449 429 eum
1471 400 1613 428 secum
1628 401 1698 428 vo-

322 457 430 498 cavit
447 488 457 503 ,
482 456 586 497 nihil
607 455 780 497 omnino
798 455 857 511 (1)
878 452 1073 509 Magister
1093 453 1377 509 praetermisit,
1404 453 1699 495 nihilomnino

322 537 399 579 pro
427 521 631 578 Discipuli
653 521 789 563 salute
827 519 1065 561 faciendum
1098 518 1157 574 (2)
1187 519 1383 575 reliquit;
1409 521 1481 561 sed
1504 518 1700 560 omnibus

325 587 683 630 admonitionibus
696 584 973 633 conculcatis,
994 584 1184 640 proditor
1201 584 1270 626 ille
1287 584 1493 641 malignus
1511 584 1695 626 emersit.

382 650 492 694 VIII.
531 652 583 694 Et
607 652 706 693 dum
729 652 806 692 iret
828 658 874 691 ut
895 650 1095 707 proderet
1117 664 1212 690 eum
1231 683 1241 698 ‚
1282 658 1321 691 et
1360 649 1563 706 Discipuli
1587 650 1701 692 dixe-

323 726 423 759 runt
448 732 490 758 :a
516 717 593 759 Ubi
616 717 676 759 vis
700 731 897 774 paremus
921 715 998 756 tibi
1021 716 1147 757 edere
1166 715 1321 772 pascha
1338 714 1348 736 ¹
1365 714 1409 756 P»
1441 715 1513 756 Isti
1534 715 1702 757 solliciti

322 790 442 823 erant
459 797 607 839 parare
624 814 633 830 ,
659 790 700 823 et
724 783 792 823 ille
815 780 1018 823 sollicitus
1040 788 1130 822 erat
1150 781 1354 837 prodere;
1380 780 1458 837 ipsi
1476 780 1704 837 cupiebant

325 848 549 889 comedere
589 861 765 904 agnum,
810 854 851 887 et
882 845 950 887 ille
983 845 1184 902 cupiebat
1216 847 1395 903 prodere
1418 845 1611 902 Agnum3
1638 845 1703 886 isti

320 912 574 954 festinabant
596 911 872 968 congregari,
893 919 934 952 et
952 911 1020 952 ille
1045 910 1281 968 disgregare
1296 927 1367 953 eos
1390 911 1704 968 cupiebat;ipsi

324 979 423 1019 boni
443 1011 453 1025 ,
478 986 519 1019 et
542 978 629 1035 ipse
651 977 870 1034 pessimus.
893 977 1162 1034 D1cuntergo
1184 977 1387 1033 Discipuli
1413 994 1454 1018 z«
1478 977 1555 1018 Ubi
1579 977 1638 1018 vis
1660 985 1706 1018 ut

322 1059 548 1102 »paremus
567 1044 641 1085 tibi
661 1044 887 1085 comedere
904 1045 1057 1101 pascha
1072 1042 1089 1083 Ξ)
1106 1062 1120 1081 »
1163 1043 1256 1086 Non
1284 1043 1396 1084 enim
1419 1042 1609 1084 Salvator
1634 1042 1706 1083 do-

321 1125 440 1151 mum
470 1110 685 1166 propriam
710 1109 860 1151 habuit.
882 1143 889 1156 ‚
921 1109 993 1150 ubi
1016 1117 1143 1165 caput
1165 1110 1373 1151 reclinare
1396 1108 1587 1166 posset23
1614 1109 1706 1149 ideo

325 1176 524 1218 dicebant
548 1174 741 1232 Apostoli
766 1191 774 1216 ε
800 1193 814 1214 α
835 1175 925 1217 Non
951 1174 1080 1216 habes
1105 1175 1365 1217 domicilium
1388 1191 1398 1222 3
1433 1189 1517 1216 non
1541 1174 1706 1215 habita-

320 1242 462 1282 culum
479 1274 489 1289 ,
513 1255 600 1281 non
624 1241 967 1297 susceptaculum
994 1239 1067 1281 tibi
1090 1240 1253 1282 est.Ubi
1279 1254 1378 1297 ergo
1401 1240 1459 1281 vis
1481 1272 1490 1288 ‚
1521 1248 1568 1281 ut
1585 1253 1708 1296 pare-

324 1320 419 1347 mus
438 1305 544 1347 tibi?
568 1324 580 1344 n
597 1304 634 1348 O
663 1305 908 1350 Christiani.
938 1304 1142 1346 attendite
1162 1321 1172 1353 ;
1201 1319 1224 1345 o
1249 1304 1396 1346 divites
1419 1314 1460 1346 et
1481 1311 1677 1362 potentes
1695 1336 1706 1351 ,

329 1371 482 1428 quibus
506 1371 547 1412 in
583 1371 781 1412 domibus
807 1370 1017 1412 deauratis
1041 1384 1141 1411 cura
1180 1378 1242 1411 est
1265 1370 1480 1419 habitare,
1507 1369 1710 1411 attendite

329 1447 371 1480 et
396 1437 683 1484 considerate,
711 1445 851 1479 utrum
886 1435 959 1478 filii
990 1436 1147 1477 Christi
1172 1445 1213 1477 et
1236 1435 1443 1493 discipuli.
1471 1436 1581 1500 Ecce
1598 1435 1709 1477 enim

329 1504 400 1561 qui
428 1512 582 1545 cuncta
609 1504 766 1545 creavit
788 1502 1005 1559 propriam
1027 1504 1204 1544 domum
1235 1502 1276 1544 in
1315 1503 1476 1544 mundo
1499 1517 1583 1544 non
1619 1501 1710 1558 dig-

327 1578 454 1612 natur
473 1569 647 1616 habere,
668 1577 710 1610 et
731 1583 807 1610 nos
827 1568 968 1610 miseri
992 1582 1075 1609 non
1092 1569 1228 1609 solum
1253 1569 1416 1616 domos,
1440 1569 1512 1609 sed
1536 1568 1614 1608 alta
1638 1581 1712 1623 pa-

327 1635 456 1682 latia;
483 1649 566 1675 non
593 1635 729 1675 solum
751 1633 929 1690 palatia,
965 1634 1038 1674 sed
1063 1641 1200 1674 turres
1223 1634 1408 1674 excelsas
1440 1632 1571 1689 petris
1609 1646 1713 1687 qua-

328 1701 455 1742 dratis
477 1708 519 1741 et
547 1713 650 1741 auro
676 1713 696 1740 a
721 1699 821 1740 soris
844 1706 1106 1755 perornatas.
1135 1697 1405 1753 Numquidet
1428 1697 1485 1739 sic
1501 1695 1713 1738 Christus?

329 1765 581 1823 Cognoscite
603 1779 703 1821 ergo
731 1763 947 1806 Christum
975 1763 1166 1805 omnium
1191 1762 1420 1804 Dominum
1437 1796 1447 1811 ,
1478 1762 1549 1818 qui
1572 1764 1713 1804 locum

333 1832 408 1874 ubi
429 1839 556 1888 caput
579 1830 810 1872 reclinaret
827 1844 912 1870 non
933 1829 1095 1872 hahuit.
1123 1828 1281 1870 Omnes
1304 1828 1413 1869 enim
1439 1828 1495 1869 illi
1518 1828 1587 1884 qui
1611 1843 1714 1885 pau·

330 1905 539 1955 pertatem
563 1895 719 1937 Christi
745 1910 831 1936 non
857 1903 1027 1947 amant,
1060 1907 1238 1949 regnum
1277 1895 1480 1936 coelorum
1505 1908 1590 1935 non
1617 1908 1714 1935 con-

336 1971 581 2020 sequenture

394 2028 468 2072 IX.
504 2028 762 2070 paraverunt
779 2041 879 2083 ergo
894 2024 1119 2082 Discipuli,
1136 2025 1284 2067 Petrus
1308 2034 1349 2067 et
1370 2025 1556 2067 <Ioannes
1571 2027 1632 2081 (5)
1648 2059 1656 2074 ,
1674 2023 1714 2066 in

337 2094 559 2137 coenaculo
584 2091 714 2134 David
736 2091 1327 2149 prophetae,etconsummata
1344 2106 1460 2132 c-oena
1485 2093 1541 2147 (4)
1558 2124 1565 2137 ,
1585 2105 1718 2132 reces-

339 2161 391 2202 sit
413 2158 606 2216 proditor
628 2174 647 2200 a
670 2157 880 2204 fidelibus,
895 2164 936 2197 et
961 2157 1107 2198 docuit
1123 2155 1292 2198 Judaeos
1312 2159 1370 2212 (5)
1387 2158 1600 2213 quomodo
1619 2172 1716 2198 eum

345 2234 466 2268 caute
485 2226 713 2272 ducerent,
746 2239 843 2265 cum
867 2222 1015 2264 faculis
1034 2255 1044 2271 ‚
1067 2231 1108 2264 et
1132 2223 1312 2264 fustibus
1335 2232 1376 2265 ct
1398 2223 1599 2264 lanternis
1633 2231 1718 2264 tan-

345 2306 471 2347 quam
496 2292 705 2331 latronem
734 2288 809 2343 (6).
838 2287 1038 2330 Occurrit
1060 2287 1096 2328 ei
1120 2288 1341 2336 Dominus,
1367 2296 1409 2329 et
1435 2288 1490 2329 ait
1521 2303 1561 2327 :a
1579 2289 1716 2337 Quem

351 2375 364 2394 n
379 2354 587 2412 quaeritis³
608 2354 625 2395 Ξ)
644 2373 658 2393 »
683 2352 872 2395 Accessit
893 2367 993 2409 ergo
1021 2351 1131 2394 filius
1154 2353 1382 2409 iniquitatis
1403 2386 1412 2401 ‚
1445 2361 1485 2394 et
1508 2353 1718 2395 osculatus

396 2467 404 2487 ¹
425 2464 547 2497 Matth.
563 2474 656 2505 xxvi,
679 2475 781 2501 17.—
798 2460 813 2484 2
828 2461 877 2494 Id.
898 2471 973 2504 vm,
991 2473 1045 2493 20.
1062 2480 1103 2486 --
1123 2460 1355 2498 3Joan.xv111,
1373 2470 1404 2499 4.

393 2546 445 2592 (i)
462 2545 541 2578 Cod.
562 2544 769 2575 nihilominus
786 2549 816 2575 et
835 2543 879 2575 sic
900 2542 1061 2587 deinceps.
1085 2559 1131 2566 ——
1153 2542 1202 2587 (2)
1223 2543 1438 2587 Idfiendwn.
1461 2561 1499 2566 —·
1518 2540 1568 2588 (3)
1596 2546 1670 2576 Haec
1690 2549 1721 2575 ct

347 2610 461 2637 caelera
488 2601 571 2645 apud
598 2600 860 2644 Clnysostemum
891 2611 955 2631 non
984 2600 1146 2642 leguntur.
1168 2619 1210 2624 -—
1240 2598 1290 2644 (4)
1312 2600 1394 2635 eod.
1416 2601 1497 2632 male
1513 2613 1534 2630 ιι
1553 2610 1658 2634 cavia,
1675 2614 1719 2621 —

346 2662 400 2708 (5)
419 2659 466 2692 ld.
481 2667 512 2691 ec
529 2658 631 2690 doceis
648 2657 784 2691 Judaeis.
803 2674 848 2681 —
866 2653 918 2701 (6)
936 2656 982 2692 Id.
1002 2655 1048 2687 ad
1062 2657 1233 2688 latronem.
