1885 3284
326 296 415 343 282
584 313 619 343 S.
662 311 905 347 mensum
947 314 1148 348 EPISCOPI
1185 314 1424 348 APPENDtx.

330 379 429 423 dum
453 379 461 419 Ξ
490 377 526 420 Ο
549 379 740 422 salutaris
769 381 819 423 ad
845 382 1149 439 prremiandum
1169 383 1177 422 1
1201 381 1329 430 Vere,
1359 382 1507 424 fratres
1533 381 1694 425 charis-

329 444 438 493 simi,
464 444 663 486 Ascensio
687 446 765 488 fuit
787 447 1005 505 singularis
1031 449 1081 490 ad
1104 448 1466 505 triumphandum,
1491 448 1584 505 quia
1606 465 1697 506 pro-

330 510 417 567 pria
455 518 658 567 potestate
696 514 909 561 asc<·ndit;
947 530 1027 555 nnn
1065 514 1257 563 trahitur,
1298 530 1381 556 non
1414 515 1694 562 subnectitur,

327 591 410 617 non
433 584 643 631 portatum
668 579 739 619 sod
776 596 789 616 α
817 577 1065 620 Videntibus
1097 580 1174 620 illis
1198 581 1380 621 elevatus
1407 580 1515 622 est¹.
1547 599 1560 618 n
1589 580 1696 622 Cum

328 641 469 688 audis,
503 655 526 681 ο
558 641 715 690 fidelis,
749 643 961 685 Christum
985 646 1190 686 clevatum
1211 679 1219 693 ,
1245 660 1423 702 agnosce
1447 646 1696 701 obsequium

330 708 508 748 coelestis
542 709 712 749 militias.
748 710 857 750 Dum
881 719 1074 752 naturam
1108 712 1313 753 sideribus
1347 712 1586 768 importavit
1613 712 1695 767 (1),

331 775 486 815 coelum
517 776 785 817 credentibus
811 791 932 832 posse
966 786 1107 833 patere
1136 777 1410 824 monstravit3
1443 779 1543 819 dum
1565 778 1700 819 victor

330 839 371 881 in
394 840 635 882 coelestibus
663 842 865 889 elevatur,
891 858 934 884 se
960 843 1161 885 victorem
1195 844 1340 885 mortis
1368 859 1450 900 quo
1474 857 1701 900 sequamur

331 906 526 948 ostendit.

386 970 436 1012 ΙΙ.
478 971 583 1022 Quis
622 985 720 1027 ergo
741 1004 750 1019 ,
791 971 939 1014 fratres
980 973 1082 1022 mei,
1122 989 1219 1016 cum
1262 973 1429 1031 Christo
1468 972 1700 1016 ascendet?

332 1035 547 1092 Numquid
572 1037 781 1093 supet-hus
801 1038 865 1079 vel
891 1038 1068 1080 avarus?
1084 1039 1289 1095 numquid
1311 1038 1478 1096 gulosus
1495 1037 1558 1080 vel
1578 1038 1704 1080 insec-

331 1111 396 1144 tus
426 1103 622 1144 luxuria?
654 1104 860 1159 numquid
882 1104 1094 1147 homicida
1120 1107 1185 1148 vel
1211 1105 1388 1163 raptor?
1417 1105 1548 1148 Absit.
1579 1103 1622 1147 Si
1643 1104 1702 1146 vis

330 1183 429 1226 ergo
463 1171 690 1211 ascendere
726 1185 822 1211 cum
861 1170 1055 1220 Christo,
1095 1173 1162 1214 lex
1196 1171 1367 1215 Domini
1400 1187 1525 1228 quem
1562 1170 1702 1215 divina

330 1235 532 1284 institnit,
567 1251 658 1291 quse
686 1235 876 1278 frustrari
906 1252 989 1279 non
1018 1238 1192 1295 poterit,
1228 1238 1372 1279 statuit
1395 1246 1439 1278 ut
1463 1237 1535 1293 qui
1559 1251 1601 1278 se
1630 1235 1707 1277 hu-

331 1300 538 1342 miliaret²
573 1302 826 1343 exaltaretur
859 1301 939 1358 (2).
966 1303 1076 1360 Ergo
1093 1336 1102 1351 ,
1135 1303 1281 1345 fratres
1305 1302 1412 1351 mei,
1438 1302 1546 1344 sicut
1568 1299 1704 1342 humi-

330 1366 445 1409 liatio
477 1367 675 1424 praecedit
708 1368 1034 1417 exaltationem,
1073 1370 1128 1411 ita
1162 1371 1390 1412 descensus
1420 1367 1622 1425 praecedit
1645 1381 1705 1408 as-

332 1433 586 1475 censionem.
618 1432 796 1476 Necesse
829 1442 892 1476 est
924 1449 1025 1491 ergo
1045 1469 1054 1483 ,
1082 1443 1125 1477 ut
1148 1434 1264 1493 prius
1298 1434 1602 1476 descendamus
1631 1446 1705 1487 per

331 1498 635 1546 humilitatem,
660 1498 692 1540 si
724 1501 916 1541 volumus
936 1501 1163 1542 ascendere
1185 1515 1281 1542 cum
1309 1499 1475 1541 Christo
1499 1497 1551 1540 ad
1575 1496 1705 1539 felici-

331 1573 472 1606 tatem.
506 1564 616 1606 Talis
648 1579 749 1621 ergo
783 1565 1005 1613 ascendet,
1042 1566 1112 1623 qui
1146 1565 1316 1607 humilis
1351 1573 1441 1612 est,
1478 1562 1705 1619 quijustus

331 1644 457 1687 opere
479 1637 560 1678 est,
594 1629 665 1686 qui
688 1632 846 1672 mundo
878 1632 1006 1672 corde
1030 1640 1070 1673 et
1098 1646 1221 1672 verax
1243 1639 1325 1677 est3
1352 1629 1554 1671 innocens
1576 1626 1707 1669 mani-

331 1697 409 1738 bus
430 1704 471 1737 ct
495 1697 655 1738 mundo
674 1698 800 1738 corde
817 1696 828 1717 ³
851 1698 1004 1738 coelum
1025 1699 1159 1739 solum
1179 1711 1276 1738 cum
1297 1695 1465 1737 Christo
1491 1695 1703 1736 ascendet.

331 1761 616 1804 Discutiamus
650 1776 749 1818 crgo
774 1763 901 1804 corda
928 1772 1094 1810 nostra,
1132 1763 1305 1808 fratres,
1346 1769 1388 1802 et
1429 1761 1635 1806 sciamus,
1673 1758 1708 1800 si

333 1827 516 1884 justitia,
543 1827 574 1868 si
598 1827 828 1875 munditia,
859 1828 890 1869 si
914 1830 1088 1870 veritate
1111 1827 1247 1870 ornati
1272 1841 1430 1868 sumus.
1459 1825 1502 1867 Si
1524 1825 1582 1866 sic
1599 1857 1607 1872 ‚
1635 1824 1708 1865 be-

334 1894 517 1935 nedicite
540 1893 676 1935 Deum
702 1893 818 1942 coeli,
847 1909 922 1950 per
947 1888 1070 1950 q⁵uem
1095 1894 1184 1935 haec
1208 1894 1318 1934 bona
1340 1892 1503 1934 habetis
1519 1923 1528 1939 ,
1556 1905 1709 1946 rogan-

333 1968 393 2002 tes
411 1968 452 2001 et
471 1959 763 2016 deprecantes,
788 1968 834 2000 ut
859 1960 1210 2016 perseverantiam
1235 1959 1375 2000 donet.
1401 1958 1483 2000 Sed
1501 1957 1532 1999 si
1554 1955 1709 2012 iniqui-

338 2034 422 2068 tate
442 2027 518 2083 (ὃ),
543 2027 656 2082 quod
680 2034 743 2067 est
765 2025 935 2082 justitiae
959 2025 1242 2073 contrarium3
1266 2025 1297 2066 si
1329 2024 1594 2081 impuritate,
1620 2037 1711 2080 quae

336 2101 398 2134 est
420 2107 599 2134 noverca
623 2092 825 2133 castitatis
843 2108 853 2139 ,ε
873 2092 904 2133 si
924 2091 1100 2134 salsitate
1118 2125 1126 2139 ‚
1151 2105 1243 2147 quae
1260 2098 1322 2131 est
1341 2089 1509 2131 inimica
1528 2088 1709 2134 veritati3

339 2158 371 2200 si
407 2158 494 2200 istis
530 2157 637 2199 vitiis
660 2157 897 2213 inquinatos
926 2158 984 2214 (Δ.)
1010 2172 1080 2198 vos
1107 2171 1197 2198 esse
1219 2155 1499 2211 cognoveritis
1518 2187 1528 2202 ‚
1551 2153 1679 2195 dicite
1699 2166 1709 2193 ε

351 2241 366 2263 α
388 2224 504 2267 Servi
524 2224 691 2265 inutiles
720 2238 865 2265 sumus
885 2222 913 2263 Δ.
941 2242 955 2261 »
973 2222 1136 2264 Coetum
1159 2222 1388 2262 ascendere
1412 2219 1619 2275 numquid
1637 2233 1713 2275 po-

338 2288 547 2332 terimus?
583 2289 765 2331 Minime.
787 2306 801 2326 «
835 2288 1122 2330 Humiliamini
1157 2301 1256 2342 ergo
1293 2286 1369 2327 sub
1399 2284 1559 2342 potenti
1584 2298 1714 2327 manu

341 2355 470 2404 »Dei,
494 2362 541 2396 ut
564 2369 635 2396 vos
659 2355 813 2397 exaltet
833 2353 1084 2411 intempore
1100 2351 1387 2394 visitationis⁵.
1415 2369 1429 2389 u

387 2448 399 2472 ¹
418 2451 489 2481 Act.
511 2460 541 2492 1,
558 2460 590 2490 9.
609 2467 654 2473 -
667 2447 682 2471 2
697 2448 816 2483 Mauh.
836 2459 934 2492 xxm,
959 2461 1008 2481 12.
1027 2466 1071 2472 —
1088 2445 1102 2470 3
1116 2449 1197 2481 Psal.
1216 2458 1311 2486 xxm,
1331 2454 1364 2484 [s.
1380 2444 1641 2485 —4Luc.txv11,
1663 2457 1712 2480 ιο.

340 2523 387 2531 -—-
405 2504 419 2527 ⁵
442 2517 454 2537 ι
476 2508 558 2537 Petr.
579 2518 607 2544 v,
626 2508 660 2540 6.

387 2577 439 2624 (ι)
461 2580 541 2612 Cod.
566 2580 758 2621 imperavit;
778 2579 858 2611 forte
881 2581 1063 2611 addendum
1080 2579 1321 2612 lzmnanam.-—
1340 2574 1392 2622 (2)
1414 2577 1460 2608 Id.
1477 2588 1552 2619 qezae
1573 2577 1641 2607 sola
1656 2577 1733 2607 lau-⁴

342 2637 484 2668 miliarec
499 2636 732 2668 exaltarentur.
751 2654 796 2660 -—
815 2634 867 2680 (3)
891 2636 941 2669 Id.
961 2636 993 2667 in
1020 2635 1201 2678 iniquitate,
1225 2639 1256 2666 et
1280 2634 1323 2666 sic
1345 2633 1477 2666 additia
1493 2633 1656 2677 deincep&
1671 2650 1688 2656 -

344 2692 396 2740 (4)
410 2696 462 2727 Id.
483 2701 623 2725 ornatos.
