1868 3301
306 281 397 336 '426
574 297 610 327 s.
652 296 899 327 ancus'rmi
936 296 1140 326 EPISCOPI
1178 296 1401 327 APPENDlx

303 362 571 403 sanctitatem
596 395 605 409 ‚
630 370 669 403 et
692 363 920 418 gratiarum
946 361 1275 419 plenitudinem,
1301 371 1341 403 et
1363 362 1508 412 vitam,
1527 372 1570 405 et
1583 378 1680 406 con-

307 428 587 469 versationem
613 427 766 470 Christi
799 429 836 469 in
867 428 924 468 eis
954 436 1153 483 tanquam
1189 428 1229 467 iu
1253 431 1423 484 speculo
1444 430 1681 472 relucentes

310 494 599 548 agnoscimus3
624 502 665 534 et
687 493 792 533 sicut
810 494 868 534 sol
893 492 935 532 in
957 507 1033 532 suo
1058 492 1305 548 splendore,
1325 503 1367 534 et
1388 493 1495 534 sicut
1518 509 1607 535 rosa
1637 495 1679 536 in

309 572 383 597 suo
408 559 561 605 odore,
582 567 624 599 et
648 558 754 598 sicut
774 557 877 612 ignis
902 557 941 597 in
961 572 1036 598 suo
1070 558 1231 604 calore,
1257 557 1315 598 sic
1348 557 1501 599 Christi
1526 559 1605 599 vita
1639 559 1680 599 in

309 622 463 663 sanctis
489 623 699 679 Apostolis
724 622 954 662 relucebat.
993 621 1064 662 Isti
1096 622 1250 662 etenim
1275 631 1373 663 sunt
1394 654 1404 670 ,
1433 638 1536 678 quos
1556 623 1682 680 elegit

307 695 403 727 ante
427 688 574 728 mundi
600 686 968 728 constitutionem¹
997 701 1048 727 ex
1067 686 1362 741 abjectissimis
1377 687 1681 744 etexinexper-

308 752 499 800 tissimis,
537 761 580 794 ut
609 768 659 793 ex
681 752 738 793 eis
764 751 1090 792 nobilitarentur
1112 760 1154 791 et
1182 752 1564 808 multiplicarentur
1601 754 1681 794 cla-

306 817 467 859 rissima
493 818 684 874 eloquia,
717 815 1037 873 praeclarissima
1080 816 1272 873 ingenia,
1319 825 1360 858 et
1394 817 1679 873 copiosissima

308 882 420 939 signa
444 892 485 925 et
507 884 726 925 miracula.
751 882 968 923 Attendite
994 882 1133 938 igitur,
1160 881 1305 923 fratres
1324 916 1332 930 ‚
1359 885 1624 924 attendamus
1641 891 1682 925 et

308 963 394 990 nos.
422 949 533 1000 Quid
553 948 764 1006 Apostolis
790 947 1017 1003 potentius,
1032 947 1133 1002 quid
1151 947 1210 988 eis
1233 948 1484 996 mirabilius,
1504 948 1604 1004 quid
1622 948 1681 990 eis

307 1014 556 1070 gloriosius?
588 1013 801 1069 Numquid
825 1013 884 1053 eis
904 1027 1018 1054 mare
1043 1021 1085 1053 et
1110 1020 1216 1053 terra
1248 1028 1330 1053 uon
1360 1013 1421 1067 (ι)
1447 1012 1682 1054 obe-diunt?

304 1081 508 1135 numquid
535 1095 614 1120 uon
637 1094 711 1136 per
730 1094 800 1120 eos
824 1079 979 1119 mortui
1005 1086 1254 1135 resurgunt,
1282 1079 1434 1134 leprosi
1457 1088 1677 1126 curantur,

301 1145 399 1185 caeci
425 1143 748 1185 illuminantur?
790 1143 995 1198 numquid
1023 1144 1061 1183 in
1087 1145 1194 1184 coelo
1217 1152 1257 1184 et
1291 1144 1330 1184 in
1368 1152 1475 1184 terra
1500 1144 1614 1200 sigua
1639 1153 1682 1185 et

301 1209 489 1265 prodigia
515 1225 597 1250 non
622 1217 870 1265 operantur,
896 1209 936 1249 iu
961 1217 1148 1254 tautum,
1171 1217 1217 1249 ut
1234 1209 1306 1249 «In
1329 1224 1497 1249 omnem
1524 1218 1680 1251 terram

299 1293 315 1311 n
332 1275 525 1316 audiatur
543 1290 668 1315 sonus
693 1289 839 1315 eorum
857 1307 866 1321 ‚
891 1283 931 1315 et
949 1273 990 1315 in
1012 1273 1116 1316 fines
1139 1274 1253 1315 orbis
1276 1274 1402 1316 verba
1419 1273 1593 1315 eorum²
1610 1293 1623 1311 n
1638 1283 1681 1317 et

300 1338 474 1380 virtutes
498 1339 807 1380 extendantur?
832 1339 903 1380 Isti
928 1354 1111 1394 namque
1137 1340 1194 1394 (2)
1224 1348 1321 1380 sunt
1354 1340 1545 1380 cardines
1564 1339 1677 1381 orbis

296 1411 418 1444 terrae
436 1436 446 1452 ,
466 1405 677 1446 columnae
701 1403 846 1445 mundi
863 1436 872 1450 ‚
908 1403 1119 1460 principes
1149 1405 1355 1445 coelorum
1372 1436 1383 1451 ‚
1415 1404 1675 1461 Angelorum

297 1478 600 1527 praeceptores,
641 1471 712 1511 lux
747 1469 895 1511 mundi
918 1503 928 1518 ,
960 1477 1224 1525 reparatores
1247 1468 1371 1517 fidei,
1398 1468 1676 1511 aedificatores

301 1534 449 1576 divinae
473 1536 575 1589 legis
596 1568 605 1582 ‚
641 1543 848 1576 amatores
883 1535 1086 1575 virtutum
1109 1568 1117 1582 ‚
1142 1534 1401 1591 spiraculum
1425 1535 1641 1576 Trinitatis
1664 1567 1674 1583 ‚

298 1601 357 1640 sal
382 1609 500 1641 terrae
517 1633 527 1647 ,
548 1600 602 1641 dii
626 1600 753 1642 sortes
770 1632 780 1647 ,
804 1614 1085 1656 supernorum
1105 1601 1312 1646 cultores,
1339 1599 1444 1640 servi
1471 1600 1544 1640 Dei
1566 1615 1678 1642 vara·

300 1678 368 1705 ces
385 1697 394 1710 ‚
419 1665 627 1705 mansueti
644 1697 654 1712 ‚
681 1679 848 1720 graves,
872 1665 1101 1720 prudentes
1121 1696 1131 1710 ‚
1158 1664 1564 1717 irreprehensibiles,
1579 1665 1677 1721 piis-

302 1727 416 1777 simi,
443 1729 727 1776 immaculati,
756 1727 927 1774 intacti,
955 1728 995 1769 in
1020 1736 1182 1770 tantum
1208 1737 1253 1768 ut
1270 1729 1342 1785 qui
1365 1744 1436 1770 eos
1461 1730 1676 1777 videbant,

303 1795 615 1837 admirarentur
639 1795 827 1836 dicentes
853 1810 862 1834 ε
893 1793 996 1835 Vere
1021 1794 1086 1835 isti
1109 1802 1208 1835 sunt
1229 1793 1421 1836 homines
1444 1795 1518 1836 Dei
1538 1830 1547 1843 ,
1571 1811 1679 1852 quo·

303 1874 395 1900 rum
421 1859 686 1901 conversatio
707 1867 749 1901 et
774 1860 856 1900 vita
887 1859 978 1900 talis
1001 1869 1077 1901 est.
1110 1859 1214 1901 Vere
1239 1859 1303 1900 isti
1337 1868 1436 1901 sunt
1457 1860 1649 1902 homines
1668 1894 1676 1906 ‚

304 1939 483 1981 quorum
508 1925 705 1966 sanctitas
727 1933 768 1966 et
785 1923 1096 1981 magnificentia
1131 1940 1207 1981 per
1227 1925 1374 1966 orbem
1407 1934 1615 1967 terrarum
1638 1935 1680 1968 et

303 2003 453 2045 gyrum
473 1991 676 2031 coelorum
699 1991 942 2046 resplendet
964 1998 1005 2031 et
1028 1989 1267 2046 ampliatur.

363 2054 436 2095 111.
471 2055 574 2105 Quis
591 2069 703 2096 nunc
720 2054 805 2110 jam
831 2056 1027 2111 desperet
1051 2062 1123 2095 aut
1142 2055 1192 2095 de
1215 2053 1455 2096 humilitate
1477 2056 1641 2112 generis
1665 2089 1676 2105 ,

305 2127 374 2160 aut
393 2120 443 2160 de
465 2120 723 2177 malignitate
752 2120 941 2162 criminis
958 2152 968 2170 ‚
999 2134 1095 2161 cum
1121 2120 1340 2161 audiamus
1370 2129 1615 2177 peccatores
1639 2130 1681 2164 et

303 2184 506 2241 ignobiles
531 2187 583 2226 ad
606 2185 786 2227 eoelestis
809 2185 950 2242 gratiae
966 2185 1125 2227 fontem
1140 2185 1199 2226 sic
1218 2185 1477 2234 ascendisse3
1497 2187 1679 2228 utetiam

305 2250 534 2305 piscatores
554 2251 720 2308 regibus
746 2261 1010 2307 praeponeret
1029 2283 1040 2299 ‚
1070 2259 1112 2292 et
1133 2259 1447 2307 persecutorem
1483 2251 1680 2294 Ecclesiae

308 2314 484 2356 Paulum
500 2316 710 2372 Apostolis
732 2324 983 2372 coaequaret,
1001 2315 1072 2371 qui
1096 2324 1142 2357 ut
1160 2316 1495 2373 cogitatsanctos
1507 2317 1581 2358 Dei
1600 2332 1680 2358 ser-

306 2392 377 2420 vos
399 2394 550 2421 necare
569 2413 578 2428 ,
616 2389 859 2422 sanctorum
896 2380 1086 2423 fidelium
1119 2380 1267 2438 jugum
1295 2382 1506 2438 suscepit,
1531 2391 1572 2423 et
1593 2381 1682 2424 Ma-

355 2498 362 2519 ¹
386 2497 502 2541 Ephes.
516 2510 538 2539 1,
561 2506 594 2536 4.
611 2518 652 2523 ———
671 2499 686 2521 2
702 2500 786 2532 Psal.
803 2511 894 2539 xvm,
915 2502 949 2534 5.

351 2598 398 2637 (t)
416 2599 511 2628 Deest
532 2609 596 2628 non
615 2597 646 2629 iu
660 2598 744 2639 cml„
766 2604 794 2630 el
813 2600 856 2630 sic
878 2599 1039 2643 deinceps,
1063 2617 1105 2623 —
1127 2602 1167 2639 ἀξ
1186 2601 1266 2634 ‹fio-t.
1284 2599 1436 2642 denique.
