1885 3284
318 298 460 328 SERMO
495 297 690 338 xxxvtu,
731 297 787 328 DE
824 295 1038 327 PASSIONE
1078 296 1243 328 nomm
1280 297 1329 328 11.
1427 298 1510 345 197

141 364 398 421 perpositum
417 363 564 420 jugum
580 397 589 412 ‚
614 363 732 406 illum
755 362 946 420 profecto
965 360 1196 419 significat,
1225 380 1240 401 α
1259 361 1342 414 Qui
1361 377 1513 420 pecca-

141 433 258 471 »tum
281 445 364 471 non
385 429 485 472 fecit
505 462 514 480 ‚
540 444 618 471 nec
643 431 767 472 dolus
796 429 988 472 inventus
1011 437 1073 470 est
1095 428 1137 470 in
1155 443 1229 470 ore
1252 427 1417 485 ejus¹,»
1445 429 1513 470 cui

139 495 308 551 quidem
326 495 488 551 peccati
506 494 655 551 jugum
675 496 913 537 nullatcnus
931 494 1007 536 suit
1028 493 1286 551 impositum.
1309 493 1369 535 Ex
1390 508 1516 537 carno

139 559 292 618 quippe
318 560 499 601 humana
517 560 606 601 sine
625 561 788 618 peccati
810 559 1090 603 delectatione
1107 567 1339 616 conceptus
1358 560 1409 602 ab
1435 560 1513 601 im-

138 625 356 668 maculatae
379 624 521 666 matris
539 633 662 666 utero
690 626 789 668 exiit
815 626 974 668 alienus
999 640 1017 664 a
1047 623 1198 680 culpa,
1231 634 1272 666 et
1303 625 1353 666 ab
1377 625 1514 667 omnis

138 690 298 746 pcccati
324 690 421 747 jugo
445 689 578 732 sactus
596 699 658 733 est
680 691 799 733 liber.
814 691 913 732 Haee
935 698 1075 732 autem
1095 690 1223 731 vitula
1243 699 1359 731 extra
1379 698 1514 732 castra

137 754 289 798 educta
311 756 492 797 debebat
515 757 555 798 in
578 765 815 814 conspectu
836 757 1026 798 omnium
1051 756 1276 798 immolari.
1319 756 1514 799 Christus

137 820 248 862 enim
276 830 389 863 extra
414 822 591 863 civitatis
621 823 773 864 moenia
807 822 861 864 ob
886 823 1028 879 culpas
1067 836 1241 863 suorum
1281 821 1514 864 facinorum

138 885 376 933 diruendae,
406 888 456 928 ad
482 888 621 929 crucis
643 888 897 944 supplicium
921 898 983 929 est
1007 886 1236 936 deductus,
1266 895 1307 927 et
1330 887 1369 927 in
1399 901 1517 929 cons·

136 958 262 1008 pectu
283 951 410 992 totius
428 952 571 1009 populi
598 952 853 994 immolatus.
885 953 1070 1009 Dignum
1098 951 1251 1009 quippe
1272 960 1382 1000 erat,
1406 960 1451 994 ut
1476 952 1516 994 in

136 1025 364 1073 conspectu
389 1018 579 1060 omnium
603 1027 835 1075 pateretur,
860 1018 930 1074 qui
956 1032 1033 1075 pro
1056 1019 1189 1060 salute
1217 1018 1406 1060 omnium
1427 1026 1517 1061 erat

135 1090 381 1124 moriturus.

195 1147 264 1189 Ill.
304 1148 551 1206 vosigitur,
582 1149 872 1197 dilectissimi,
911 1165 1019 1206 quos
1058 1164 1140 1191 uon
1176 1149 1440 1191 «Taurorum
1474 1157 1514 1191 ct

135 1231 149 1250 υ
165 1212 380 1254 hircorum
401 1214 568 1271 sanguis
591 1215 819 1261 emundat,
843 1234 857 1254 n
880 1230 982 1271 quos
1006 1229 1089 1256 non
1108 1232 1120 1252 ι
1146 1214 1260 1255 Ciuis
1295 1213 1435 1255 vitulae
1457 1229 1515 1255 as-

137 1293 310 1335 »persus
337 1278 592 1328 sanctificat,
617 1298 630 1318 n
655 1282 728 1322 sed
745 1280 851 1338 Agni
875 1280 1132 1321 immaculati
1160 1279 1404 1337 impollutus
1426 1293 1518 1321 san-

135 1343 226 1399 guis
244 1342 414 1393 offusus,
443 1360 461 1385 a
489 1344 587 1401 jugo
611 1354 784 1387 vetustae
804 1345 1016 1387 servitutis
1043 1343 1237 1393 absolvit,
1251 1344 1512 1386 recurrentia

135 1408 364 1451 Dominicae
388 1410 587 1466 passionis
621 1419 808 1467 tempora
835 1425 929 1452 cum
953 1424 1116 1451 summa
1142 1409 1362 1450 devotione
1382 1409 1515 1450 susci<

135 1474 247 1531 pite,
271 1475 453 1531 pretium
479 1475 692 1532 sanguinis
716 1476 894 1524 Christi,
921 1476 992 1531 qui
1020 1490 1094 1531 pro
1119 1474 1235 1515 vobis
1255 1473 1413 1515 effusus
1435 1482 1512 1524 est,

136 1541 373 1597 agnoscite,
413 1541 629 1582 Christum
667 1557 742 1598 pro
780 1542 898 1582 vobis
938 1541 979 1582 in
1008 1556 1079 1582 ara
1108 1540 1246 1582 crucis
1293 1540 1476 1596 positum
1502 1573 1510 1587 .

133 1606 266 1647 oculis
287 1606 440 1648 mentis
464 1606 656 1663 aspicite,
678 1615 720 1648 ot
737 1607 775 1648 ei
797 1607 866 1663 qui
889 1621 964 1664 pro
985 1607 1100 1648 vobis
1120 1621 1263 1663 passus
1281 1614 1360 1653 est,
1388 1604 1512 1648 afllic·

121 1671 249 1719 =tione
271 1671 462 1727 corporis
479 1672 668 1713 membra
692 1680 824 1713 vestra
849 1686 945 1712 cum
965 1670 1074 1713 vitiis
1095 1679 1136 1711 et
1159 1670 1512 1727 concupiscentiis

132 1735 436 1778 mortificantes
458 1769 468 1784 ‚
513 1736 707 1778 vitiorum
750 1735 1076 1778 mortificatione
1113 1735 1415 1792 compatimini.
1469 1734 1513 1777 Si

133 1801 245 1842 enim
282 1801 604 1859 compatimini,
629 1811 671 1845 et
703 1801 1032 1859 conregnabitis.
1072 1800 1266 1842 Veterem
1295 1799 1511 1841 hominem

133 1881 231 1908 cum
259 1867 343 1909 suis
368 1868 531 1909 actibus
555 1867 595 1908 in
616 1868 753 1910 crucis
779 1868 894 1925 ligno
914 1865 1127 1908 confixum
1150 1866 1400 1907 reviviscere
1423 1881 1506 1907 non

132 1933 330 1974 sinamus.
355 1933 492 1975 Omne
511 1934 674 1990 pcccati
695 1949 848 1991 corpus
873 1934 1137 1974 destruamus
1163 1931 1203 1972 in
1222 1931 1361 1979 nobis,
1385 1939 1432 1973 ut
1455 1932 1513 1973 ul-

132 2007 194 2039 tra
226 2013 312 2040 non
346 1999 573 2040 serviamus
597 2008 787 2055 peccato.
827 1998 1091 2040 Mutuatione
1125 1997 1219 2038 vitae
1259 1996 1512 2053 sepeliamur

133 2078 229 2106 cnm
252 2065 460 2112 Domino,
486 2072 526 2106 et
549 2079 646 2105 cum
670 2080 718 2106 eo
743 2065 783 2106 in
811 2065 902 2105 vitan
925 2063 1109 2105 novitate
1134 2076 1422 2120 resurgamus.
1466 2061 1509 2104 Si

131 2129 243 2170 euim
273 2130 427 2170 mortui
456 2145 600 2172 sumus
628 2145 725 2172 cum
768 2129 964 2177 Christo,
992 2127 1204 2171 credimus
1246 2128 1342 2183 quia
1385 2127 1510 2169 simul

132 2194 318 2236 vivemus
338 2209 434 2237 cum
454 2195 541 2245 illo,
562 2196 632 2252 qui
653 2196 754 2238 vivit
772 2209 870 2237 cum
884 2194 1006 2238 Patre
1025 2208 1098 2251 per
1114 2192 1253 2235 omnia
1273 2193 1509 2234 saeculasae—

131 2259 336 2302 culorum.
364 2261 510 2301 Amen.

180 2359 278 2390 ¹1sab'.
301 2370 373 2400 ιιῑτ,
393 2369 426 2400 9,
449 2364 479 2390 et
498 2369 511 2390 ι
535 2361 619 2392 Petr.
637 2370 671 2396 u.
691 2369 749 2393 n.
