1868 3301
221 301 366 335 SERMO
401 301 552 342 Lxxw,
590 301 638 332 ΙΝ
675 301 809 333 FESTO
845 302 882 333 Β.
922 300 1115 334 JOANNIS
1148 296 1369 331 EVANGEL·
1464 282 1555 346 [107

190 370 369 430 Spiritus
385 370 478 418 Dei,
495 369 735 420 assumitnr;
758 370 816 414 sic
834 369 1120 415 sanctissimus
1135 368 1297 424 Moyses
1310 366 1362 409 ad
1373 374 1558 408 montem

188 437 369 495 rapitur3
401 436 460 478 sic
482 436 768 480 sanctissimus
791 438 990 480 Salomon
1010 437 1050 478 in
1074 434 1274 477 cathedra
1291 432 1444 474 residet
1465 432 1562 473 boa-

190 512 361 552 torum3
386 502 445 544 sic
466 502 601 560 aquila
629 503 697 544 illa
723 504 889 560 grandis
919 515 1166 560 magnarum
1190 500 1349 541 alarum
1373 497 1561 555 pervenit

192 569 243 611 ad
256 568 486 610 medullam
501 567 634 617 cedri,
646 567 752 611 sicut
764 569 805 611 in
817 584 942 612 carne
957 568 1096 612 adhuc
1115 565 1274 623 positus
1291 570 1556 621 pervenerat,

192 631 277 688 jam
301 640 343 674 et
365 633 417 674 ad
437 647 608 675 carnem
633 633 800 676 rediens
828 636 908 676 alte
926 649 1017 691 quoe
1040 631 1202 675 viderat
1227 629 1442 676 intonans,
1473 638 1558 671 tam

192 696 373 746 fortiter,
393 707 478 740 tam
492 699 720 747 subtiliter,
741 708 826 742 tam
844 698 1067 758 magnifice
1082 732 1092 747 ,
1119 706 1165 738 ut
1182 695 1215 737 si
1238 694 1359 737 altius
1383 694 1565 736 intonas-

194 772 280 811 set,
302 770 413 805 totus
427 766 610 806 mundus
628 780 726 806 eum
745 779 894 821 capere
913 766 978 807 vel
994 762 1227 819 intelligere
1243 775 1327 803 non
1345 760 1561 818 potuisset.

193 829 245 871 Et
266 827 325 870 sic
349 829 533 871 reddidit
550 829 760 886 spiritum·
788 830 839 871 Et
864 830 1059 888 protinus
1082 841 1235 870 manna
1262 826 1403 868 exiens
1432 826 1484 867 de
1506 839 1566 867 se-

192 894 341 953 pulcro
369 894 584 953 apparuit,
605 896 720 952 quod
738 911 871 952 usque
893 896 1018 938 hodie
1041 894 1171 952 gignit
1194 892 1302 935 miro
1323 892 1462 934 modo.

250 959 323 1003 IV.
350 960 473 1003 Hunc
497 976 597 1018 ergo
612 993 622 1009 ,
642 960 790 1003 fratres
805 994 815 1010 ‚
835 963 1054 1004 lucernam
1083 958 1230 1002 mundi
1248 966 1289 1000 et
1310 956 1567 1015 spiraculum

192 1024 286 1067 vitae
311 1025 555 1068 studeamus
584 1026 757 1075 imitari,
796 1036 841 1069 ut
871 1028 1079 1085 possimus
1115 1040 1212 1067 cum
1243 1038 1292 1065 eo
1315 1022 1568 1065 aeternaliter

191 1090 375 1148 gloriari.
398 1091 476 1133 Hic
495 1100 558 1133 est
574 1092 667 1140 ille,
700 1092 821 1148 cujus
855 1107 952 1134 caro
975 1092 1016 1133 in
1035 1091 1245 1147 sexaginta
1268 1097 1430 1145 septem
1449 1087 1567 1129 annis

190 1156 305 1199 nulla
347 1158 615 1214 copulatione
652 1158 934 1201 contaminata
969 1166 1057 1205 est3
1105 1155 1227 1212 eujus
1267 1169 1388 1196 mens
1427 1153 1560 1195 invio-

190 1222 272 1264 lata
304 1223 560 1280 permansit:
597 1223 719 1279 cujus
762 1224 843 1266 vita
879 1224 1099 1281 speculum
1131 1229 1172 1264 et
1202 1235 1350 1262 norma
1375 1218 1565 1261 fidelium

191 1287 282 1329 fuit.
301 1288 378 1329 Hic
397 1297 458 1331 est
476 1288 544 1330 ille
566 1289 853 1331 sanctissimus
869 1289 1149 1346 Evangelista,
1165 1287 1231 1329 cui
1254 1289 1383 1327 Mater
1399 1284 1567 1327 Domini

191 1352 372 1395 traditur
395 1363 593 1410 tanquam
619 1354 799 1412 digniori
824 1354 1026 1411 Apostolo
1047 1385 1057 1401 ‚
1094 1362 1292 1408 tanquam
1326 1350 1566 1408 perfectiori

189 1415 406 1474 Discipulo
421 1450 433 1466 ,
468 1426 668 1475 tanquam
704 1419 885 1461 chariori
924 1418 1094 1460 amasio.
1134 1417 1354 1472 Denique.
1386 1414 1535 1458 fratres
1552 1445 1564 1462 ,

189 1481 315 1524 Petro
339 1484 584 1540 temporalis
617 1484 802 1526 donatur
832 1484 1045 1531 Ecclesia,
1087 1483 1161 1525 sed
1188 1481 1341 1523 <loanni
1380 1480 1568 1522 Ecclesia

189 1547 327 1604 maj0r
349 1549 645 1591 committitur.
667 1550 790 1591 Petro
813 1551 969 1592 dantur
985 1550 1124 1591 claves
1148 1546 1364 1605 aperiendi
1382 1554 1423 1588 et
1446 1547 1569 1588 clau-

191 1613 317 1656 dendi
337 1645 348 1662 ‚
374 1614 447 1656 sed
466 1613 620 1656 Joanni
641 1614 817 1656 Matrem
847 1614 1102 1671 impetrandi
1128 1621 1171 1655 et
1193 1612 1458 1654 obsecrandi.
1489 1611 1567 1654 Pe-

191 1686 280 1722 trus
293 1694 438 1721 curam
457 1680 563 1735 gerit
580 1695 782 1737 agnorum
797 1714 806 1729 ,
828 1689 869 1722 et
890 1681 1072 1721 Joannes
1084 1678 1410 1721 sollicitudinem
1428 1677 1568 1720 Matris

192 1744 509 1802 desperatorum
545 1746 666 1803 gerit.
700 1746 815 1797 Quid
851 1761 950 1802 orgo
974 1746 1025 1786 de-
1047 1744 1211 1786 Joanne
1233 1742 1453 1785 dicemus?
1474 1743 1565 1798 quis

191 1811 401 1869 explicare
425 1811 582 1868 poterit
605 1811 696 1868 ejus
731 1810 1031 1853 sanctitatem?
1061 1810 1154 1867 q'uis
1178 1823 1374 1851 enarrare
1414 1807 1566 1850 valebit

191 1877 282 1934 ejus
306 1875 641 1919 sublimitatem?
662 1877 754 1934 quis
777 1877 896 1918 istius
919 1875 1172 1919 sanctissimi
1200 1874 1418 1931 piscatoris
1442 1874 1566 1916 intel-

190 1945 325 1985 lectfis
348 1943 712 2000 profunditatem?
735 1944 825 2000 quis
849 1943 940 1999 ejus
960 1942 1283 1984 diuturnitatem
1314 1940 1569 1997 poenitentiae

190 2009 424 2067 praedicare
445 2008 639 2051 valebit?
662 2009 854 2065 Denique
889 2009 1135 2050 verberatur
1163 2007 1203 2048 in
1224 2007 1321 2049 Asia
1353 2014 1394 2047 et
1427 2013 1537 2048 tacet
1557 2037 1568 2053 ‚

193 2073 512 2132 blasphematur
529 2082 571 2116 et
600 2073 818 2122 obsecrat3
849 2074 889 2115 in
914 2074 1080 2116 Patmos
1104 2073 1237 2114 insula
1256 2071 1505 2119 recluditur,
1529 2079 1571 2113 et

192 2148 343 2182 cuncta
360 2140 569 2197 patienter
586 2148 740 2197 portat,
758 2148 966 2196 utagnus;
987 2138 1027 2181 in
1046 2139 1184 2180 oleum
1210 2136 1395 2194 ponitur,
1413 2145 1456 2179 et
1469 2150 1570 2179 ecce

192 2220 291 2248 mox
312 2206 531 2254 liberatur,
552 2214 592 2248 et
611 2221 713 2248 ecce
736 2206 961 2263 praedicat,
988 2214 1029 2246 et
1051 2219 1150 2246 ecce
1168 2204 1384 2250 obsecrat,
1404 2210 1445 2245 et
1467 2216 1568 2244 ecce

192 2272 379 2329 quotidie
395 2274 549 2315 clamat
571 2272 699 2314 homo
723 2271 800 2314 iste
833 2271 1014 2314 etelestis
1041 2287 1082 2312 :o
1107 2269 1245 2313 Filioli
1270 2269 1375 2314 mei.
1405 2267 1564 2326 diligite

193 2339 458 2381 alterutrum.
487 2357 502 2378 n
518 2339 639 2381 llunc
656 2353 756 2396 ergo
777 2347 1001 2395 patronum
1023 2336 1175 2379 imitari
1203 2351 1286 2378 non
1303 2334 1566 2382 differamus,

192 2411 235 2446 et
257 2404 366 2446 sient
402 2404 490 2462 ipse
514 2404 611 2446 fecit
632 2437 642 2453 ,
668 2404 724 2446 ita
753 2412 792 2446 et
825 2419 900 2446 nos
914 2404 1140 2453 faciamus,
1164 2417 1216 2444 ne
1239 2417 1259 2444 a
1285 2401 1467 2443 Domino
1487 2400 1566 2443 im·-

191 2484 469 2527 propercmur
503 2469 672 2511 dicente
697 2485 738 2510 z«
756 2469 908 2527 Vulpes
932 2470 1072 2511 l'ovcas
1098 2468 1282 2515 habent,
1308 2474 1351 2508 et
1373 2467 1565 2508 volucres

191 2534 317 2577 »eoeli
344 2534 490 2581 nidos:
527 2549 606 2592 ego
643 2542 786 2577 autem
819 2549 904 2578 non
926 2535 1062 2584 habeo
1097 2533 1168 2576 nbi
1201 2540 1328 2592 caput
1361 2532 1565 2574 reclinare

192 2599 393 2658 »possim
415 2619 430 2638 a
