<?xml version="1.0" encoding="UTF-8"?>
<!DOCTYPE html PUBLIC "-//W3C//DTD XHTML 1.0 Transitional//EN"
    "http://www.w3.org/TR/xhtml1/DTD/xhtml1-transitional.dtd">
<html xmlns="http://www.w3.org/1999/xhtml" xml:lang="en" lang="en">
 <head>
  <title>
</title>
<meta http-equiv="Content-Type" content="text/html;charset=utf-8" />
  <meta name='ocr-system' content='tesseract 3.04.00' />
  <meta name='ocr-capabilities' content='ocr_page ocr_carea ocr_par ocr_line ocrx_word'/>
</head>
<body>
  <div class='ocr_page' id='page_1' title='image "./p2operaomniaaccu24auguuoft_0138.png"; bbox 0 0 1885 3284; ppageno 0'>
   <div class='ocr_carea' id='block_1_1' title="bbox 351 194 1754 2478">
    <p class='ocr_par' dir='ltr' id='par_1_1' title="bbox 359 194 1321 240">
     <span class='ocr_line' id='line_1_1' title="bbox 359 194 1321 240; baseline -0.004 -1"><span class='ocrx_word' id='word_1_1' title='bbox 359 194 444 240; x_wconf 75' lang='lat'>128</span> <span class='ocrx_word' id='word_1_2' title='bbox 751 210 785 239; x_wconf 80' lang='lat' dir='ltr'>s.</span> <span class='ocrx_word' id='word_1_3' title='bbox 831 207 1076 238; x_wconf 60' lang='lat' dir='ltr'>auous‘rim</span> <span class='ocrx_word' id='word_1_4' title='bbox 1115 206 1321 236; x_wconf 65' lang='lat' dir='ltr'>izvtscom</span> 
     </span>
    </p>

    <p class='ocr_par' dir='ltr' id='par_1_2' title="bbox 351 272 1732 835">
     <span class='ocr_line' id='line_1_2' title="bbox 353 272 1723 340; baseline 0 -19"><span class='ocrx_word' id='word_1_5' title='bbox 353 273 641 340; x_wconf 77' lang='lat' dir='ltr'>peccantibus</span> <span class='ocrx_word' id='word_1_6' title='bbox 676 273 842 331; x_wconf 75' lang='lat' dir='ltr'>oravit,</span> <span class='ocrx_word' id='word_1_7' title='bbox 874 283 1054 338; x_wconf 85' lang='lat' dir='ltr'>peecata</span> <span class='ocrx_word' id='word_1_8' title='bbox 1090 272 1283 321; x_wconf 67' lang='lat' dir='ltr'>donavit.</span> <span class='ocrx_word' id='word_1_9' title='bbox 1325 274 1377 318; x_wconf 86' lang='lat' dir='ltr'>In</span> <span class='ocrx_word' id='word_1_10' title='bbox 1408 278 1500 334; x_wconf 78' lang='lat' dir='ltr'>ejus</span> <span class='ocrx_word' id='word_1_11' title='bbox 1539 291 1723 339; x_wconf 86' lang='lat' dir='ltr'>corpore</span> 
     </span>
     <span class='ocr_line' id='line_1_3' title="bbox 353 343 1721 405; baseline 0 -12"><span class='ocrx_word' id='word_1_12' title='bbox 353 347 550 393; x_wconf 80' lang='lat' dir='ltr'>membra</span> <span class='ocrx_word' id='word_1_13' title='bbox 569 346 788 402; x_wconf 61' lang='lat' dir='ltr'>summa,</span> <span class='ocrx_word' id='word_1_14' title='bbox 810 345 1072 405; x_wconf 81' lang='lat' dir='ltr'>illajacent3</span> <span class='ocrx_word' id='word_1_15' title='bbox 1101 343 1180 390; x_wconf 85' lang='lat' dir='ltr'>alia</span> <span class='ocrx_word' id='word_1_16' title='bbox 1200 345 1450 405; x_wconf 82' lang='lat' dir='ltr'>jacentibus</span> <span class='ocrx_word' id='word_1_17' title='bbox 1473 346 1721 403; x_wconf 66' lang='lat' dir='ltr'>adhaerent,</span> 
     </span>
     <span class='ocr_line' id='line_1_4' title="bbox 354 415 1725 480; baseline -0.001 -15"><span class='ocrx_word' id='word_1_18' title='bbox 354 418 458 475; x_wconf 87' lang='lat' dir='ltr'>alia,</span> <span class='ocrx_word' id='word_1_19' title='bbox 490 418 788 478; x_wconf 84' lang='lat' dir='ltr'>uterigantur‚</span> <span class='ocrx_word' id='word_1_20' title='bbox 815 428 1081 463; x_wconf 87' lang='lat' dir='ltr'>sternuntur.</span> <span class='ocrx_word' id='word_1_21' title='bbox 1103 415 1211 471; x_wconf 81' lang='lat' dir='ltr'>Quis</span> <span class='ocrx_word' id='word_1_22' title='bbox 1234 417 1429 480; x_wconf 84' lang='lat' dir='ltr'>sapiens,</span> <span class='ocrx_word' id='word_1_23' title='bbox 1456 435 1557 463; x_wconf 87' lang='lat' dir='ltr'>cum</span> <span class='ocrx_word' id='word_1_24' title='bbox 1591 418 1725 463; x_wconf 88' lang='lat' dir='ltr'>homo</span> 
     </span>
     <span class='ocr_line' id='line_1_5' title="bbox 352 488 1727 551; baseline 0 -16"><span class='ocrx_word' id='word_1_25' title='bbox 352 491 433 546; x_wconf 85' lang='lat' dir='ltr'>sit,</span> <span class='ocrx_word' id='word_1_26' title='bbox 458 489 684 535; x_wconf 82' lang='lat' dir='ltr'>hominem</span> <span class='ocrx_word' id='word_1_27' title='bbox 703 489 857 535; x_wconf 85' lang='lat' dir='ltr'>cadere</span> <span class='ocrx_word' id='word_1_28' title='bbox 875 488 1019 535; x_wconf 77' lang='lat' dir='ltr'>videat</span> <span class='ocrx_word' id='word_1_29' title='bbox 1041 525 1051 543; x_wconf 89' lang='lat'>‚</span> <span class='ocrx_word' id='word_1_30' title='bbox 1077 497 1119 533; x_wconf 86' lang='lat' dir='ltr'>et</span> <span class='ocrx_word' id='word_1_31' title='bbox 1141 504 1183 533; x_wconf 80' lang='lat' dir='ltr'>se</span> <span class='ocrx_word' id='word_1_32' title='bbox 1206 499 1317 533; x_wconf 87' lang='lat' dir='ltr'>stare</span> <span class='ocrx_word' id='word_1_33' title='bbox 1337 489 1593 551; x_wconf 68' lang='lat' dir='ltr'>superbiat?</span> <span class='ocrx_word' id='word_1_34' title='bbox 1628 490 1727 535; x_wconf 81' lang='lat' dir='ltr'>Non</span> 
     </span>
     <span class='ocr_line' id='line_1_6' title="bbox 351 557 1729 621; baseline -0.001 -15"><span class='ocrx_word' id='word_1_35' title='bbox 351 571 414 607; x_wconf 84' lang='lat' dir='ltr'>est</span> <span class='ocrx_word' id='word_1_36' title='bbox 437 561 481 606; x_wconf 89' lang='lat' dir='ltr'>in</span> <span class='ocrx_word' id='word_1_37' title='bbox 500 560 570 606; x_wconf 87' lang='lat' dir='ltr'>his</span> <span class='ocrx_word' id='word_1_38' title='bbox 587 570 628 605; x_wconf 81' lang='lat' dir='ltr'>et</span> <span class='ocrx_word' id='word_1_39' title='bbox 651 559 735 606; x_wconf 89' lang='lat' dir='ltr'>illis</span> <span class='ocrx_word' id='word_1_40' title='bbox 754 559 999 606; x_wconf 82' lang='lat' dir='ltr'>communis</span> <span class='ocrx_word' id='word_1_41' title='bbox 1019 558 1229 621; x_wconf 84' lang='lat' dir='ltr'>iniquitas</span> <span class='ocrx_word' id='word_1_42' title='bbox 1248 579 1259 613; x_wconf 81' lang='lat'><em>3</em></span> <span class='ocrx_word' id='word_1_43' title='bbox 1298 557 1371 604; x_wconf 86' lang='lat' dir='ltr'>sed</span> <span class='ocrx_word' id='word_1_44' title='bbox 1400 570 1462 604; x_wconf 80' lang='lat' dir='ltr'>est</span> <span class='ocrx_word' id='word_1_45' title='bbox 1485 560 1729 606; x_wconf 88' lang='lat' dir='ltr'>communis</span> 
     </span>
     <span class='ocr_line' id='line_1_7' title="bbox 352 629 1730 695; baseline -0.002 -15"><span class='ocrx_word' id='word_1_46' title='bbox 352 632 599 680; x_wconf 80' lang='lat' dir='ltr'>infirmitas.</span> <span class='ocrx_word' id='word_1_47' title='bbox 631 632 796 678; x_wconf 82' lang='lat' dir='ltr'><strong>Omnes</strong></span> <span class='ocrx_word' id='word_1_48' title='bbox 812 641 970 695; x_wconf 85' lang='lat' dir='ltr'>petunt</span> <span class='ocrx_word' id='word_1_49' title='bbox 989 668 999 687; x_wconf 82' lang='grc'>,</span> <span class='ocrx_word' id='word_1_50' title='bbox 1021 641 1068 676; x_wconf 92' lang='lat' dir='ltr'>ut</span> <span class='ocrx_word' id='word_1_51' title='bbox 1093 629 1141 675; x_wconf 86' lang='lat' dir='ltr'>hi</span> <span class='ocrx_word' id='word_1_52' title='bbox 1161 630 1383 694; x_wconf 79' lang='lat' dir='ltr'>accipiant</span> <span class='ocrx_word' id='word_1_53' title='bbox 1405 650 1416 684; x_wconf 92' lang='lat'>;</span> <span class='ocrx_word' id='word_1_54' title='bbox 1442 647 1590 677; x_wconf 90' lang='lat' dir='ltr'>omnes</span> <span class='ocrx_word' id='word_1_55' title='bbox 1622 630 1730 695; x_wconf 91' lang='lat' dir='ltr'>pul-</span> 
     </span>
     <span class='ocr_line' id='line_1_8' title="bbox 353 701 1732 767; baseline 0 -19"><span class='ocrx_word' id='word_1_56' title='bbox 353 713 448 749; x_wconf 83' lang='lat' dir='ltr'>sant</span> <span class='ocrx_word' id='word_1_57' title='bbox 465 739 476 759; x_wconf 73' lang='lat'>‚</span> <span class='ocrx_word' id='word_1_58' title='bbox 501 702 635 748; x_wconf 80' lang='lat' dir='ltr'>uthis</span> <span class='ocrx_word' id='word_1_59' title='bbox 656 703 907 767; x_wconf 78' lang='lat' dir='ltr'>aperiatur3</span> <span class='ocrx_word' id='word_1_60' title='bbox 936 719 1085 747; x_wconf 86' lang='lat' dir='ltr'>omnes</span> <span class='ocrx_word' id='word_1_61' title='bbox 1104 701 1254 746; x_wconf 88' lang='lat' dir='ltr'>dolent</span> <span class='ocrx_word' id='word_1_62' title='bbox 1276 739 1287 757; x_wconf 89' lang='lat'><strong><em>‚</em></strong></span> <span class='ocrx_word' id='word_1_63' title='bbox 1311 718 1411 747; x_wconf 85' lang='lat' dir='ltr'>eum</span> <span class='ocrx_word' id='word_1_64' title='bbox 1435 701 1505 747; x_wconf 84' lang='lat' dir='ltr'>isti</span> <span class='ocrx_word' id='word_1_65' title='bbox 1531 703 1732 763; x_wconf 84' lang='lat' dir='ltr'>affligun-</span> 
     </span>
     <span class='ocr_line' id='line_1_9' title="bbox 353 773 1481 835; baseline 0.001 -14"><span class='ocrx_word' id='word_1_66' title='bbox 353 786 453 829; x_wconf 80' lang='lat' dir='ltr'>tur3</span> <span class='ocrx_word' id='word_1_67' title='bbox 485 792 633 821; x_wconf 84' lang='lat' dir='ltr'>omnes</span> <span class='ocrx_word' id='word_1_68' title='bbox 655 775 912 835; x_wconf 79' lang='lat' dir='ltr'>gaudebunt</span> <span class='ocrx_word' id='word_1_69' title='bbox 933 812 943 829; x_wconf 75' lang='lat'>‚</span> <span class='ocrx_word' id='word_1_70' title='bbox 974 791 1074 820; x_wconf 87' lang='lat' dir='ltr'>cum</span> <span class='ocrx_word' id='word_1_71' title='bbox 1100 773 1168 819; x_wconf 80' lang='lat' dir='ltr'>isti</span> <span class='ocrx_word' id='word_1_72' title='bbox 1190 773 1481 822; x_wconf 76' lang='lat' dir='ltr'>sanabuntur,</span> 
     </span>
    </p>

    <p class='ocr_par' dir='ltr' id='par_1_3' title="bbox 353 845 1754 2478">
     <span class='ocr_line' id='line_1_10' title="bbox 419 845 1733 905; baseline 0.002 -14"><span class='ocrx_word' id='word_1_73' title='bbox 419 847 503 894; x_wconf 90' lang='grc' dir='ltr'><strong>ΙΙΙ.</strong></span> <span class='ocrx_word' id='word_1_74' title='bbox 549 846 763 893; x_wconf 82' lang='lat' dir='ltr'>Occultus</span> <span class='ocrx_word' id='word_1_75' title='bbox 787 846 858 892; x_wconf 87' lang='lat' dir='ltr'>ille</span> <span class='ocrx_word' id='word_1_76' title='bbox 874 846 1011 892; x_wconf 85' lang='lat' dir='ltr'>hostis</span> <span class='ocrx_word' id='word_1_77' title='bbox 1030 862 1130 891; x_wconf 84' lang='lat' dir='ltr'>cum</span> <span class='ocrx_word' id='word_1_78' title='bbox 1148 845 1321 905; x_wconf 81' lang='lat' dir='ltr'>Angelis</span> <span class='ocrx_word' id='word_1_79' title='bbox 1345 846 1431 891; x_wconf 85' lang='lat' dir='ltr'>suis</span> <span class='ocrx_word' id='word_1_80' title='bbox 1447 883 1457 902; x_wconf 86' lang='lat'><strong><em>‚</em></strong></span> <span class='ocrx_word' id='word_1_81' title='bbox 1479 846 1524 892; x_wconf 88' lang='lat' dir='ltr'>in</span> <span class='ocrx_word' id='word_1_82' title='bbox 1549 847 1733 893; x_wconf 78' lang='lat' dir='ltr'>istorum</span> 
     </span>
     <span class='ocr_line' id='line_1_11' title="bbox 353 916 1734 981; baseline -0.001 -16"><span class='ocrx_word' id='word_1_83' title='bbox 353 918 568 965; x_wconf 84' lang='lat' dir='ltr'>erectione</span> <span class='ocrx_word' id='word_1_84' title='bbox 600 928 861 981; x_wconf 68' lang='lat' dir='ltr'>torqueatur</span> <span class='ocrx_word' id='word_1_85' title='bbox 880 954 890 972; x_wconf 84' lang='lat'>‚</span> <span class='ocrx_word' id='word_1_86' title='bbox 921 917 1035 963; x_wconf 87' lang='lat' dir='ltr'>sicut</span> <span class='ocrx_word' id='word_1_87' title='bbox 1060 917 1106 962; x_wconf 91' lang='lat' dir='ltr'>in</span> <span class='ocrx_word' id='word_1_88' title='bbox 1133 916 1309 962; x_wconf 85' lang='lat' dir='ltr'>elisione</span> <span class='ocrx_word' id='word_1_89' title='bbox 1341 916 1518 963; x_wconf 83' lang='lat' dir='ltr'>laetatus</span> <span class='ocrx_word' id='word_1_90' title='bbox 1548 929 1633 975; x_wconf 77' lang='lat' dir='ltr'>est3</span> <span class='ocrx_word' id='word_1_91' title='bbox 1662 917 1734 963; x_wconf 92' lang='lat' dir='ltr'>cui</span> 
     </span>
     <span class='ocr_line' id='line_1_12' title="bbox 354 987 1733 1054; baseline -0.001 -19"><span class='ocrx_word' id='word_1_92' title='bbox 354 988 532 1054; x_wconf 89' lang='lat' dir='ltr'>quidem</span> <span class='ocrx_word' id='word_1_93' title='bbox 557 989 626 1035; x_wconf 79' lang='lat' dir='ltr'>isti</span> <span class='ocrx_word' id='word_1_94' title='bbox 651 999 963 1035; x_wconf 76' lang='lat' dir='ltr'>consenserunt</span> <span class='ocrx_word' id='word_1_95' title='bbox 989 999 1036 1034; x_wconf 87' lang='lat' dir='ltr'>ut</span> <span class='ocrx_word' id='word_1_96' title='bbox 1054 987 1382 1052; x_wconf 79' lang='lat' dir='ltr'>delinquerent,</span> <span class='ocrx_word' id='word_1_97' title='bbox 1406 988 1480 1034; x_wconf 88' lang='lat' dir='ltr'>secl</span> <span class='ocrx_word' id='word_1_98' title='bbox 1503 1006 1591 1035; x_wconf 87' lang='lat' dir='ltr'>non</span> <span class='ocrx_word' id='word_1_99' title='bbox 1623 1006 1733 1035; x_wconf 88' lang='lat' dir='ltr'>con-</span> 
     </span>
     <span class='ocr_line' id='line_1_13' title="bbox 356 1059 1737 1123; baseline -0.001 -17"><span class='ocrx_word' id='word_1_100' title='bbox 356 1071 608 1117; x_wconf 81' lang='lat' dir='ltr'>senserunt,</span> <span class='ocrx_word' id='word_1_101' title='bbox 639 1069 686 1106; x_wconf 91' lang='lat' dir='ltr'>ut</span> <span class='ocrx_word' id='word_1_102' title='bbox 710 1059 914 1106; x_wconf 82' lang='lat' dir='ltr'>cadentes</span> <span class='ocrx_word' id='word_1_103' title='bbox 942 1059 1073 1105; x_wconf 85' lang='lat' dir='ltr'>etiam</span> <span class='ocrx_word' id='word_1_104' title='bbox 1097 1059 1402 1123; x_wconf 77' lang='lat' dir='ltr'>superbirent3</span> <span class='ocrx_word' id='word_1_105' title='bbox 1427 1070 1737 1105; x_wconf 82' lang='lat' dir='ltr'>consenserunt</span> 
     </span>
     <span class='ocr_line' id='line_1_14' title="bbox 359 1130 1738 1187; baseline -0.001 -9"><span class='ocrx_word' id='word_1_106' title='bbox 359 1141 408 1178; x_wconf 89' lang='lat' dir='ltr'>ut</span> <span class='ocrx_word' id='word_1_107' title='bbox 422 1130 774 1187; x_wconf 82' lang='lat' dir='ltr'>vulnerarentur,</span> <span class='ocrx_word' id='word_1_108' title='bbox 796 1130 868 1176; x_wconf 82' lang='lat' dir='ltr'>sed</span> <span class='ocrx_word' id='word_1_109' title='bbox 886 1148 972 1176; x_wconf 90' lang='lat' dir='ltr'>non</span> <span class='ocrx_word' id='word_1_110' title='bbox 995 1141 1314 1176; x_wconf 83' lang='lat' dir='ltr'>consenserunt</span> <span class='ocrx_word' id='word_1_111' title='bbox 1339 1141 1387 1176; x_wconf 90' lang='lat' dir='ltr'>ut</span> <span class='ocrx_word' id='word_1_112' title='bbox 1417 1130 1647 1176; x_wconf 75' lang='lat' dir='ltr'>medicinae</span> <span class='ocrx_word' id='word_1_113' title='bbox 1667 1148 1738 1177; x_wconf 90' lang='lat' dir='ltr'>re-</span> 
     </span>
     <span class='ocr_line' id='line_1_15' title="bbox 358 1200 1735 1264; baseline -0.001 -15"><span class='ocrx_word' id='word_1_114' title='bbox 358 1204 631 1250; x_wconf 86' lang='lat' dir='ltr'>luctarentur</span> <span class='ocrx_word' id='word_1_115' title='bbox 651 1223 661 1258; x_wconf 88' lang='lat'>;</span> <span class='ocrx_word' id='word_1_116' title='bbox 688 1213 1000 1248; x_wconf 83' lang='lat' dir='ltr'>consenserunt</span> <span class='ocrx_word' id='word_1_117' title='bbox 1023 1213 1071 1248; x_wconf 88' lang='lat' dir='ltr'>ut</span> <span class='ocrx_word' id='word_1_118' title='bbox 1089 1202 1187 1264; x_wconf 63' lang='grc' dir='ltr'>αζι)</span> <span class='ocrx_word' id='word_1_119' title='bbox 1211 1201 1398 1248; x_wconf 88' lang='lat' dir='ltr'>Domino</span> <span class='ocrx_word' id='word_1_120' title='bbox 1419 1219 1497 1247; x_wconf 89' lang='lat' dir='ltr'>suo</span> <span class='ocrx_word' id='word_1_121' title='bbox 1520 1200 1735 1262; x_wconf 78' lang='lat' dir='ltr'>fugerent,</span> 
     </span>
     <span class='ocr_line' id='line_1_16' title="bbox 359 1271 1741 1321; baseline -0.002 -1"><span class='ocrx_word' id='word_1_122' title='bbox 359 1273 434 1321; x_wconf 85' lang='lat' dir='ltr'>sed</span> <span class='ocrx_word' id='word_1_123' title='bbox 454 1291 541 1320; x_wconf 89' lang='lat' dir='ltr'>non</span> <span class='ocrx_word' id='word_1_124' title='bbox 561 1284 874 1320; x_wconf 85' lang='lat' dir='ltr'>consenserunt</span> <span class='ocrx_word' id='word_1_125' title='bbox 891 1284 938 1319; x_wconf 88' lang='lat' dir='ltr'>ut</span> <span class='ocrx_word' id='word_1_126' title='bbox 961 1273 1016 1319; x_wconf 86' lang='lat' dir='ltr'>ad</span> <span class='ocrx_word' id='word_1_127' title='bbox 1042 1272 1280 1319; x_wconf 86' lang='lat' dir='ltr'>Dominum</span> <span class='ocrx_word' id='word_1_128' title='bbox 1296 1290 1383 1318; x_wconf 90' lang='lat' dir='ltr'>non</span> <span class='ocrx_word' id='word_1_129' title='bbox 1404 1271 1610 1319; x_wconf 84' lang='lat' dir='ltr'>redirent.</span> <span class='ocrx_word' id='word_1_130' title='bbox 1635 1273 1741 1318; x_wconf 89' lang='lat' dir='ltr'>Pro-</span> 
     </span>
     <span class='ocr_line' id='line_1_17' title="bbox 361 1343 1741 1409; baseline -0.002 -17"><span class='ocrx_word' id='word_1_131' title='bbox 361 1345 464 1392; x_wconf 84' lang='lat' dir='ltr'>inde</span> <span class='ocrx_word' id='word_1_132' title='bbox 483 1362 614 1409; x_wconf 89' lang='lat' dir='ltr'>quem</span> <span class='ocrx_word' id='word_1_133' title='bbox 638 1362 728 1391; x_wconf 87' lang='lat' dir='ltr'>non</span> <span class='ocrx_word' id='word_1_134' title='bbox 747 1345 949 1391; x_wconf 76' lang='lat' dir='ltr'>vicerunt</span> <span class='ocrx_word' id='word_1_135' title='bbox 966 1361 1046 1408; x_wconf 89' lang='lat' dir='ltr'>per</span> <span class='ocrx_word' id='word_1_136' title='bbox 1070 1343 1382 1390; x_wconf 82' lang='lat' dir='ltr'>continentiam</span> <span class='ocrx_word' id='word_1_137' title='bbox 1399 1381 1409 1400; x_wconf 85' lang='lat'><strong>‚</strong></span> <span class='ocrx_word' id='word_1_138' title='bbox 1440 1344 1639 1390; x_wconf 79' lang='lat' dir='ltr'>vicerunt</span> <span class='ocrx_word' id='word_1_139' title='bbox 1664 1361 1741 1407; x_wconf 88' lang='lat' dir='ltr'>per</span> 
     </span>
     <span class='ocr_line' id='line_1_18' title="bbox 362 1416 1742 1483; baseline -0.001 -20"><span class='ocrx_word' id='word_1_140' title='bbox 362 1418 695 1483; x_wconf 78' lang='lat' dir='ltr'>poenitentiam3</span> <span class='ocrx_word' id='word_1_141' title='bbox 717 1435 802 1481; x_wconf 81' lang='lat' dir='ltr'>qua</span> <span class='ocrx_word' id='word_1_142' title='bbox 827 1416 915 1463; x_wconf 74' lang='lat' dir='ltr'>sola</span> <span class='ocrx_word' id='word_1_143' title='bbox 935 1416 1157 1473; x_wconf 84' lang='lat' dir='ltr'>inimicus,</span> <span class='ocrx_word' id='word_1_144' title='bbox 1181 1416 1308 1462; x_wconf 85' lang='lat' dir='ltr'>etiam</span> <span class='ocrx_word' id='word_1_145' title='bbox 1328 1433 1430 1462; x_wconf 86' lang='lat' dir='ltr'>cum</span> <span class='ocrx_word' id='word_1_146' title='bbox 1450 1416 1622 1473; x_wconf 84' lang='lat' dir='ltr'>vicerit,</span> <span class='ocrx_word' id='word_1_147' title='bbox 1641 1418 1742 1462; x_wconf 85' lang='lat' dir='ltr'>vin·-</span> 
     </span>
     <span class='ocr_line' id='line_1_19' title="bbox 363 1487 1742 1554; baseline -0.002 -18"><span class='ocrx_word' id='word_1_148' title='bbox 363 1491 504 1544; x_wconf 90' lang='lat' dir='ltr'>citur;</span> <span class='ocrx_word' id='word_1_149' title='bbox 534 1507 623 1554; x_wconf 83' lang='lat' dir='ltr'>qua</span> <span class='ocrx_word' id='word_1_150' title='bbox 643 1489 732 1536; x_wconf 77' lang='lat' dir='ltr'>sola</span> <span class='ocrx_word' id='word_1_151' title='bbox 752 1499 980 1535; x_wconf 80' lang='lat' dir='ltr'>accusator</span> <span class='ocrx_word' id='word_1_152' title='bbox 1005 1505 1092 1534; x_wconf 87' lang='lat' dir='ltr'>non</span> <span class='ocrx_word' id='word_1_153' title='bbox 1119 1507 1140 1534; x_wconf 85' lang='lat' dir='ltr'>a</span> <span class='ocrx_word' id='word_1_154' title='bbox 1162 1488 1422 1548; x_wconf 84' lang='lat' dir='ltr'>negantibus</span> <span class='ocrx_word' id='word_1_155' title='bbox 1443 1525 1453 1544; x_wconf 83' lang='grc'>,</span> <span class='ocrx_word' id='word_1_156' title='bbox 1482 1487 1556 1534; x_wconf 82' lang='lat' dir='ltr'>sed</span> <span class='ocrx_word' id='word_1_157' title='bbox 1590 1506 1612 1533; x_wconf 84' lang='lat' dir='ltr'>a</span> <span class='ocrx_word' id='word_1_158' title='bbox 1633 1505 1742 1533; x_wconf 85' lang='lat' dir='ltr'>con·-</span> 
     </span>
     <span class='ocr_line' id='line_1_20' title="bbox 364 1558 1744 1624; baseline -0.002 -17"><span class='ocrx_word' id='word_1_159' title='bbox 364 1561 592 1608; x_wconf 83' lang='lat' dir='ltr'>fitentibus</span> <span class='ocrx_word' id='word_1_160' title='bbox 610 1571 854 1624; x_wconf 84' lang='lat' dir='ltr'>superatur.</span> <span class='ocrx_word' id='word_1_161' title='bbox 877 1560 1144 1606; x_wconf 85' lang='lat' dir='ltr'>Poenitentia</span> <span class='ocrx_word' id='word_1_162' title='bbox 1159 1570 1220 1605; x_wconf 84' lang='lat' dir='ltr'>est</span> <span class='ocrx_word' id='word_1_163' title='bbox 1236 1576 1337 1624; x_wconf 81' lang='lat' dir='ltr'>quae</span> <span class='ocrx_word' id='word_1_164' title='bbox 1363 1558 1563 1605; x_wconf 85' lang='lat' dir='ltr'>dolorem</span> <span class='ocrx_word' id='word_1_165' title='bbox 1580 1558 1744 1605; x_wconf 84' lang='lat' dir='ltr'>dolori·</span> 
     </span>
     <span class='ocr_line' id='line_1_21' title="bbox 365 1629 1744 1695; baseline -0.003 -17"><span class='ocrx_word' id='word_1_166' title='bbox 365 1633 448 1678; x_wconf 88' lang='lat' dir='ltr'>bus</span> <span class='ocrx_word' id='word_1_167' title='bbox 471 1631 627 1695; x_wconf 84' lang='lat' dir='ltr'>eripit,</span> <span class='ocrx_word' id='word_1_168' title='bbox 656 1641 698 1676; x_wconf 87' lang='lat' dir='ltr'>et</span> <span class='ocrx_word' id='word_1_169' title='bbox 730 1630 877 1677; x_wconf 86' lang='lat' dir='ltr'>evadit</span> <span class='ocrx_word' id='word_1_170' title='bbox 900 1629 1168 1677; x_wconf 86' lang='lat' dir='ltr'>vindicando</span> <span class='ocrx_word' id='word_1_171' title='bbox 1193 1629 1450 1677; x_wconf 76' lang='lat' dir='ltr'>vindictam.</span> <span class='ocrx_word' id='word_1_172' title='bbox 1488 1630 1539 1674; x_wconf 87' lang='lat' dir='ltr'>ln</span> <span class='ocrx_word' id='word_1_173' title='bbox 1563 1646 1604 1675; x_wconf 81' lang='lat' dir='ltr'>se</span> <span class='ocrx_word' id='word_1_174' title='bbox 1631 1629 1744 1675; x_wconf 87' lang='lat' dir='ltr'>enim</span> 
     </span>
     <span class='ocr_line' id='line_1_22' title="bbox 365 1699 1747 1768; baseline -0.003 -19"><span class='ocrx_word' id='word_1_175' title='bbox 365 1703 551 1768; x_wconf 87' lang='lat' dir='ltr'>quisque</span> <span class='ocrx_word' id='word_1_176' title='bbox 574 1700 769 1747; x_wconf 88' lang='lat' dir='ltr'>vindicat</span> <span class='ocrx_word' id='word_1_177' title='bbox 790 1738 800 1758; x_wconf 78' lang='grc'><em>,</em></span> <span class='ocrx_word' id='word_1_178' title='bbox 821 1701 899 1765; x_wconf 87' lang='lat' dir='ltr'>qui</span> <span class='ocrx_word' id='word_1_179' title='bbox 927 1718 969 1747; x_wconf 87' lang='lat' dir='ltr'>se</span> <span class='ocrx_word' id='word_1_180' title='bbox 1003 1702 1148 1764; x_wconf 86' lang='lat' dir='ltr'>ipsum</span> <span class='ocrx_word' id='word_1_181' title='bbox 1182 1700 1352 1746; x_wconf 83' lang='lat' dir='ltr'>cruciat</span> <span class='ocrx_word' id='word_1_182' title='bbox 1387 1699 1669 1763; x_wconf 84' lang='lat' dir='ltr'>poenitendo,</span> <span class='ocrx_word' id='word_1_183' title='bbox 1699 1710 1747 1745; x_wconf 90' lang='lat' dir='ltr'>ut</span> 
     </span>
     <span class='ocr_line' id='line_1_23' title="bbox 367 1771 1746 1835; baseline -0.003 -15"><span class='ocrx_word' id='word_1_184' title='bbox 367 1778 559 1834; x_wconf 78' lang='lat' dir='ltr'>nonjam</span> <span class='ocrx_word' id='word_1_185' title='bbox 579 1771 798 1818; x_wconf 79' lang='lat' dir='ltr'>vindicem</span> <span class='ocrx_word' id='word_1_186' title='bbox 817 1771 1013 1831; x_wconf 68' lang='lat' dir='ltr'>Judieem</span> <span class='ocrx_word' id='word_1_187' title='bbox 1048 1774 1113 1834; x_wconf 75' lang='lat'>(2)</span> <span class='ocrx_word' id='word_1_188' title='bbox 1139 1810 1149 1827; x_wconf 76' lang='lat'>,</span> <span class='ocrx_word' id='word_1_189' title='bbox 1178 1771 1250 1817; x_wconf 81' lang='lat' dir='ltr'>sed</span> <span class='ocrx_word' id='word_1_190' title='bbox 1275 1781 1446 1835; x_wconf 82' lang='lat' dir='ltr'>patrem</span> <span class='ocrx_word' id='word_1_191' title='bbox 1476 1781 1746 1834; x_wconf 87' lang='lat' dir='ltr'>receptorem</span> 
     </span>
     <span class='ocr_line' id='line_1_24' title="bbox 371 1841 1747 1906; baseline -0.003 -16"><span class='ocrx_word' id='word_1_192' title='bbox 371 1846 509 1890; x_wconf 90' lang='lat' dir='ltr'>Deum</span> <span class='ocrx_word' id='word_1_193' title='bbox 529 1844 717 1906; x_wconf 87' lang='lat' dir='ltr'>reperire</span> <span class='ocrx_word' id='word_1_194' title='bbox 733 1854 961 1889; x_wconf 86' lang='lat' dir='ltr'>mereatur.</span> <span class='ocrx_word' id='word_1_195' title='bbox 986 1842 1059 1888; x_wconf 82' lang='lat' dir='ltr'>Sic</span> <span class='ocrx_word' id='word_1_196' title='bbox 1083 1842 1196 1887; x_wconf 85' lang='lat' dir='ltr'>enim</span> <span class='ocrx_word' id='word_1_197' title='bbox 1221 1841 1391 1905; x_wconf 82' lang='lat' dir='ltr'>peccati</span> <span class='ocrx_word' id='word_1_198' title='bbox 1410 1841 1475 1886; x_wconf 83' lang='lat' dir='ltr'>sui</span> <span class='ocrx_word' id='word_1_199' title='bbox 1496 1841 1611 1887; x_wconf 91' lang='lat' dir='ltr'>ultor</span> <span class='ocrx_word' id='word_1_200' title='bbox 1634 1858 1747 1905; x_wconf 90' lang='lat' dir='ltr'>quo-</span> 
     </span>
     <span class='ocr_line' id='line_1_25' title="bbox 369 1912 1748 1978; baseline -0.004 -16"><span class='ocrx_word' id='word_1_201' title='bbox 369 1916 471 1962; x_wconf 86' lang='lat' dir='ltr'>dam</span> <span class='ocrx_word' id='word_1_202' title='bbox 487 1914 618 1960; x_wconf 89' lang='lat' dir='ltr'>modo</span> <span class='ocrx_word' id='word_1_203' title='bbox 637 1912 722 1960; x_wconf 88' lang='lat' dir='ltr'>fuit</span> <span class='ocrx_word' id='word_1_204' title='bbox 743 1952 754 1969; x_wconf 81' lang='lat'>‚</span> <span class='ocrx_word' id='word_1_205' title='bbox 786 1925 918 1978; x_wconf 90' lang='lat' dir='ltr'>atque</span> <span class='ocrx_word' id='word_1_206' title='bbox 941 1913 984 1960; x_wconf 87' lang='lat' dir='ltr'>in</span> <span class='ocrx_word' id='word_1_207' title='bbox 1013 1931 1055 1959; x_wconf 87' lang='lat' dir='ltr'>se</span> <span class='ocrx_word' id='word_1_208' title='bbox 1087 1914 1230 1976; x_wconf 84' lang='lat' dir='ltr'>ipsum</span> <span class='ocrx_word' id='word_1_209' title='bbox 1258 1929 1456 1976; x_wconf 80' lang='lat' dir='ltr'>asperam</span> <span class='ocrx_word' id='word_1_210' title='bbox 1488 1913 1748 1958; x_wconf 87' lang='lat' dir='ltr'>sententiam</span> 
     </span>
     <span class='ocr_line' id='line_1_26' title="bbox 372 1983 1748 2052; baseline -0.002 -19"><span class='ocrx_word' id='word_1_211' title='bbox 372 1986 551 2052; x_wconf 84' lang='lat' dir='ltr'>pertulit</span> <span class='ocrx_word' id='word_1_212' title='bbox 574 1985 644 2032; x_wconf 92' lang='lat' dir='ltr'>ille</span> <span class='ocrx_word' id='word_1_213' title='bbox 663 2023 673 2041; x_wconf 88' lang='lat'>‚</span> <span class='ocrx_word' id='word_1_214' title='bbox 695 1985 770 2049; x_wconf 92' lang='lat' dir='ltr'>qui</span> <span class='ocrx_word' id='word_1_215' title='bbox 796 1985 966 2031; x_wconf 88' lang='lat' dir='ltr'>rediens</span> <span class='ocrx_word' id='word_1_216' title='bbox 985 1984 1038 2031; x_wconf 91' lang='lat' dir='ltr'>de</span> <span class='ocrx_word' id='word_1_217' title='bbox 1065 1984 1305 2048; x_wconf 81' lang='lat' dir='ltr'>longinquo</span> <span class='ocrx_word' id='word_1_218' title='bbox 1321 1983 1556 2047; x_wconf 81' lang='lat' dir='ltr'>dixitpatri</span> <span class='ocrx_word' id='word_1_219' title='bbox 1580 2002 1591 2029; x_wconf 75' lang='grc' dir='ltr'>ι</span> <span class='ocrx_word' id='word_1_220' title='bbox 1613 2006 1632 2025; x_wconf 75' lang='grc' dir='ltr'>α</span> <span class='ocrx_word' id='word_1_221' title='bbox 1652 1987 1748 2029; x_wconf 85' lang='lat' dir='ltr'>Jam</span> 
     </span>
     <span class='ocr_line' id='line_1_27' title="bbox 377 2054 1750 2119; baseline -0.004 -14"><span class='ocrx_word' id='word_1_222' title='bbox 377 2082 390 2102; x_wconf 89' lang='lat'>»</span> <span class='ocrx_word' id='word_1_223' title='bbox 405 2075 493 2105; x_wconf 87' lang='lat' dir='ltr'>non</span> <span class='ocrx_word' id='word_1_224' title='bbox 513 2075 607 2103; x_wconf 86' lang='lat' dir='ltr'>sum</span> <span class='ocrx_word' id='word_1_225' title='bbox 642 2057 800 2118; x_wconf 83' lang='lat' dir='ltr'>dignus</span> <span class='ocrx_word' id='word_1_226' title='bbox 831 2057 979 2104; x_wconf 85' lang='lat' dir='ltr'>vocari</span> <span class='ocrx_word' id='word_1_227' title='bbox 1007 2056 1123 2102; x_wconf 83' lang='lat' dir='ltr'>filius</span> <span class='ocrx_word' id='word_1_228' title='bbox 1152 2054 1292 2103; x_wconf 54' lang='lat' dir='ltr'>[uun-¹.</span> <span class='ocrx_word' id='word_1_229' title='bbox 1319 2078 1338 2097; x_wconf 58' lang='grc' dir='ltr'>ν)</span> <span class='ocrx_word' id='word_1_230' title='bbox 1365 2056 1508 2119; x_wconf 89' lang='lat' dir='ltr'>Atque</span> <span class='ocrx_word' id='word_1_231' title='bbox 1535 2054 1622 2101; x_wconf 83' lang='lat' dir='ltr'>hoc</span> <span class='ocrx_word' id='word_1_232' title='bbox 1651 2071 1750 2101; x_wconf 88' lang='lat' dir='ltr'>eum</span> 
     </span>
     <span class='ocr_line' id='line_1_28' title="bbox 373 2125 1750 2195; baseline -0.004 -19"><span class='ocrx_word' id='word_1_233' title='bbox 373 2141 498 2195; x_wconf 87' lang='lat' dir='ltr'>pater</span> <span class='ocrx_word' id='word_1_234' title='bbox 518 2129 597 2175; x_wconf 90' lang='lat' dir='ltr'>filii</span> <span class='ocrx_word' id='word_1_235' title='bbox 619 2128 787 2174; x_wconf 86' lang='lat' dir='ltr'>honore</span> <span class='ocrx_word' id='word_1_236' title='bbox 821 2128 1024 2192; x_wconf 84' lang='lat' dir='ltr'>praestitit</span> <span class='ocrx_word' id='word_1_237' title='bbox 1055 2127 1262 2188; x_wconf 84' lang='lat' dir='ltr'>dignum,</span> <span class='ocrx_word' id='word_1_238' title='bbox 1312 2126 1433 2192; x_wconf 86' lang='lat' dir='ltr'>quod</span> <span class='ocrx_word' id='word_1_239' title='bbox 1465 2142 1507 2171; x_wconf 89' lang='lat' dir='ltr'>se</span> <span class='ocrx_word' id='word_1_240' title='bbox 1543 2127 1636 2189; x_wconf 84' lang='lat' dir='ltr'>ipse</span> <span class='ocrx_word' id='word_1_241' title='bbox 1673 2125 1750 2171; x_wconf 87' lang='lat' dir='ltr'>filii</span> 
     </span>
     <span class='ocr_line' id='line_1_29' title="bbox 375 2195 1753 2261; baseline -0.006 -13"><span class='ocrx_word' id='word_1_242' title='bbox 375 2200 551 2248; x_wconf 85' lang='lat' dir='ltr'>nomine</span> <span class='ocrx_word' id='word_1_243' title='bbox 573 2199 792 2261; x_wconf 81' lang='lat' dir='ltr'>judicavit</span> <span class='ocrx_word' id='word_1_244' title='bbox 806 2198 1351 2259; x_wconf 74' lang='lat' dir='ltr'>indignum.&#39;formentum</span> <span class='ocrx_word' id='word_1_245' title='bbox 1371 2195 1513 2244; x_wconf 87' lang='lat' dir='ltr'>cordis</span> <span class='ocrx_word' id='word_1_246' title='bbox 1528 2197 1753 2260; x_wconf 85' lang='lat' dir='ltr'>estpoeni-</span> 
     </span>
     <span class='ocr_line' id='line_1_30' title="bbox 378 2267 1752 2335; baseline -0.004 -17"><span class='ocrx_word' id='word_1_247' title='bbox 378 2273 510 2318; x_wconf 84' lang='lat' dir='ltr'>tentia</span> <span class='ocrx_word' id='word_1_248' title='bbox 534 2309 545 2328; x_wconf 76' lang='lat'><em>‚</em></span> <span class='ocrx_word' id='word_1_249' title='bbox 574 2271 646 2317; x_wconf 81' lang='lat' dir='ltr'>sed</span> <span class='ocrx_word' id='word_1_250' title='bbox 666 2288 803 2335; x_wconf 78' lang='lat' dir='ltr'>parvo</span> <span class='ocrx_word' id='word_1_251' title='bbox 829 2281 1024 2333; x_wconf 84' lang='lat' dir='ltr'>tempore</span> <span class='ocrx_word' id='word_1_252' title='bbox 1049 2269 1259 2330; x_wconf 81' lang='lat' dir='ltr'>extinguit</span> <span class='ocrx_word' id='word_1_253' title='bbox 1278 2280 1439 2315; x_wconf 85' lang='lat' dir='ltr'>aeterna</span> <span class='ocrx_word' id='word_1_254' title='bbox 1456 2278 1685 2315; x_wconf 81' lang='lat' dir='ltr'>tormenta.</span> <span class='ocrx_word' id='word_1_255' title='bbox 1713 2267 1752 2313; x_wconf 92' lang='lat' dir='ltr'>O</span> 
     </span>
     <span class='ocr_line' id='line_1_31' title="bbox 378 2337 1754 2404; baseline -0.005 -15"><span class='ocrx_word' id='word_1_256' title='bbox 378 2342 609 2389; x_wconf 72' lang='lat' dir='ltr'>ineffabilis</span> <span class='ocrx_word' id='word_1_257' title='bbox 634 2343 881 2403; x_wconf 82' lang='lat' dir='ltr'>benignitas</span> <span class='ocrx_word' id='word_1_258' title='bbox 909 2342 1013 2397; x_wconf 82' lang='lat' dir='ltr'>Dei,</span> <span class='ocrx_word' id='word_1_259' title='bbox 1055 2351 1103 2386; x_wconf 92' lang='lat' dir='ltr'>ut</span> <span class='ocrx_word' id='word_1_260' title='bbox 1141 2341 1219 2404; x_wconf 82' lang='lat' dir='ltr'>qui</span> <span class='ocrx_word' id='word_1_261' title='bbox 1247 2357 1346 2387; x_wconf 88' lang='lat' dir='ltr'>eum</span> <span class='ocrx_word' id='word_1_262' title='bbox 1372 2338 1571 2400; x_wconf 84' lang='lat' dir='ltr'>negando</span> <span class='ocrx_word' id='word_1_263' title='bbox 1607 2337 1754 2384; x_wconf 81' lang='lat' dir='ltr'>fallere</span> 
     </span>
     <span class='ocr_line' id='line_1_32' title="bbox 379 2411 1754 2478; baseline -0.006 -17"><span class='ocrx_word' id='word_1_264' title='bbox 379 2431 469 2461; x_wconf 90' lang='lat' dir='ltr'>non</span> <span class='ocrx_word' id='word_1_265' title='bbox 489 2424 655 2478; x_wconf 81' lang='lat' dir='ltr'>potest,</span> <span class='ocrx_word' id='word_1_266' title='bbox 683 2413 949 2478; x_wconf 89' lang='lat' dir='ltr'>propitietur</span> <span class='ocrx_word' id='word_1_267' title='bbox 981 2411 1259 2458; x_wconf 84' lang='lat' dir='ltr'>confitendo!</span> <span class='ocrx_word' id='word_1_268' title='bbox 1302 2411 1384 2457; x_wconf 89' lang='lat' dir='ltr'>Cui</span> <span class='ocrx_word' id='word_1_269' title='bbox 1411 2419 1643 2474; x_wconf 85' lang='lat' dir='ltr'>peccatum</span> <span class='ocrx_word' id='word_1_270' title='bbox 1667 2424 1754 2453; x_wconf 88' lang='lat' dir='ltr'>non</span> 
     </span>
    </p>
   </div>
   <div class='ocr_carea' id='block_1_2' title="bbox 430 2517 683 2556">
    <p class='ocr_par' dir='ltr' id='par_1_4' title="bbox 430 2517 683 2556">
     <span class='ocr_line' id='line_1_33' title="bbox 430 2517 683 2556; baseline 0.004 -9"><span class='ocrx_word' id='word_1_271' title='bbox 430 2517 441 2539; x_wconf 87' lang='lat'><strong>¹</strong></span> <span class='ocrx_word' id='word_1_272' title='bbox 459 2518 536 2549; x_wconf 86' lang='lat' dir='ltr'>Luc.</span> <span class='ocrx_word' id='word_1_273' title='bbox 558 2525 611 2554; x_wconf 77' lang='lat' dir='ltr'>xv,</span> <span class='ocrx_word' id='word_1_274' title='bbox 632 2526 683 2556; x_wconf 87' lang='lat'>¹9·</span> 
     </span>
    </p>
   </div>
   <div class='ocr_carea' id='block_1_3' title="bbox 431 2584 1436 2635">
    <p class='ocr_par' dir='ltr' id='par_1_5' title="bbox 431 2584 1436 2635">
     <span class='ocr_line' id='line_1_34' title="bbox 431 2584 1436 2635; baseline -0.005 -14"><span class='ocrx_word' id='word_1_275' title='bbox 431 2589 479 2635; x_wconf 67' lang='grc' dir='ltr'>(ι)</span> <span class='ocrx_word' id='word_1_276' title='bbox 498 2591 595 2621; x_wconf 76' lang='lat' dir='ltr'>Deest</span> <span class='ocrx_word' id='word_1_277' title='bbox 613 2599 634 2619; x_wconf 87' lang='grc' dir='ltr'><em>α</em></span> <span class='ocrx_word' id='word_1_278' title='bbox 652 2588 684 2623; x_wconf 86' lang='lat' dir='ltr'>in</span> <span class='ocrx_word' id='word_1_279' title='bbox 701 2586 770 2621; x_wconf 81' lang='lat' dir='ltr'>eod.</span> <span class='ocrx_word' id='word_1_280' title='bbox 791 2605 836 2613; x_wconf 70' lang='grc' dir='ltr'>-ο</span> <span class='ocrx_word' id='word_1_281' title='bbox 856 2586 904 2631; x_wconf 81' lang='lat'>(2)</span> <span class='ocrx_word' id='word_1_282' title='bbox 920 2587 1000 2620; x_wconf 89' lang='lat' dir='ltr'>Cod.</span> <span class='ocrx_word' id='word_1_283' title='bbox 1013 2586 1150 2630; x_wconf 80' lang='lat' dir='ltr'>judicet.</span> <span class='ocrx_word' id='word_1_284' title='bbox 1170 2603 1214 2610; x_wconf 82' lang='lat'>--</span> <span class='ocrx_word' id='word_1_285' title='bbox 1228 2585 1277 2629; x_wconf 57' lang='grc' dir='ltr'>β)</span> <span class='ocrx_word' id='word_1_286' title='bbox 1295 2584 1341 2619; x_wconf 82' lang='lat' dir='ltr'>td.</span> <span class='ocrx_word' id='word_1_287' title='bbox 1362 2595 1436 2626; x_wconf 85' lang='lat' dir='ltr'>quo.</span> 
     </span>
    </p>
   </div>
  </div>
 </body>
</html>
