1868 3301
358 336 487 369 unna
527 336 582 367 nr.
619 334 824 367 ominus
861 333 1152 375 tilmannus,
1190 335 1285 368 Ere.
1424 322 1519 386 609

140 405 238 448 »hic
260 403 480 463 peccavit,
506 417 643 459 neque
665 409 862 459 parentes
880 400 997 454 ejus,
1024 409 1069 442 ut
1087 415 1223 443 caecus
1243 412 1515 457 nasceretur,

139 491 155 512 n
169 471 242 514 sed
263 479 310 512 ut
331 468 655 512 manifestentur
678 482 805 524 opera
822 466 900 508 Dei
915 466 955 507 in
969 465 1080 508 illo¹.
1098 485 1113 506 ι»
1129 466 1201 509 His
1216 467 1356 510 verbis
1377 479 1521 527 aperte

139 535 601 591 demonstratur,quod
623 533 719 576 ideo
743 546 880 576 caecus
898 540 1022 575 natus
1039 531 1140 580 suit,
1162 541 1208 575 ut
1225 534 1344 576 aDeo
1361 535 1518 578 illumi-

138 609 327 649 naretur,
349 615 396 643 ac
419 614 495 658 per
516 598 597 641 hoc
621 598 752 639 virtus
775 597 1003 639 divinitatis
1028 597 1337 641 ostenderetur.
1356 599 1519 652 Quinto

140 668 268 710 modo
297 666 412 709 Deus
443 664 662 707 hominem
691 662 898 719 flagellat,
925 670 973 704 ut
1004 661 1075 704 hic
1109 661 1284 720 incipiat
1310 672 1519 709 tormenta

139 733 376 780 sustinere,
412 745 505 787 quae
533 737 628 786 post
655 737 838 770 mortem
871 727 961 770 sine
994 726 1079 768 fine
1103 728 1359 779 sustinebit;
1404 732 1521 788 quod

139 797 408 841 solummodo
432 796 482 837 ad
501 794 633 835 malos
657 792 864 850 pertinet,
890 792 1002 834 sicut
1024 791 1259 836 Antiochus
1274 803 1316 836 et
1330 796 1520 840 Herodes

139 862 448 906 inchoaverunt
466 855 535 901 hic
547 851 648 917 pati,
667 860 781 914 quod
799 858 995 915 posteain
1015 857 1178 901 inferno
1197 861 1358 916 passuri
1377 871 1510 906 erant.

138 923 201 972 De
218 927 283 970 his
305 925 510 985 scriptum
535 932 629 967 est:
649 943 662 963 α
680 922 852 982 Duplici
875 924 1132 968 contritione
1156 934 1331 968 contere
1352 927 1445 970 eos²
1454 961 1464 978 ,
1490 948 1505 969 n

140 994 184 1038 id
206 1001 293 1042 est,
318 991 362 1034 in
392 990 610 1055 praesenti⁴
621 999 663 1032 et
690 991 732 1032 in
755 990 912 1033 futuro.
943 990 1016 1032 His
1039 991 1227 1048 quinque
1248 993 1385 1036 modis
1404 993 1519 1038 Deus

138 1059 356 1104 hominem
370 1057 584 1115 flagellat;
605 1055 764 1098 idcirco
781 1056 1044 1114 incognitum
1067 1065 1130 1098 est
1152 1059 1367 1114 quomodo
1389 1074 1440 1101 ex
1458 1059 1522 1102 his

139 1124 435 1182 unusquisque
470 1121 724 1181 flagellatur,
754 1129 801 1164 ut
832 1122 981 1164 timeat
1003 1131 1046 1164 et
1067 1122 1268 1165 emendet
1289 1125 1404 1181 quod
1424 1125 1526 1169 fecit

137 1191 281 1235 flendo
300 1224 309 1239 ,
338 1197 548 1247 quatenus
579 1187 794 1244 flagellum
828 1187 866 1229 ei
889 1188 942 1230 ad
964 1187 1204 1244 profectum
1228 1190 1405 1232 eveniat.
1435 1189 1526 1233 Ad-

139 1257 354 1300 monenda
377 1263 440 1297 est
461 1269 562 1311 ergo
596 1253 818 1295 beatitudo
834 1260 905 1294 tua
921 1285 932 1301 ,
956 1260 1003 1294 ut
1028 1252 1107 1295 hos
1128 1253 1315 1311 quinque
1343 1256 1492 1298 modos
1510 1288 1522 1304 ‚

140 1322 294 1382 quibus
309 1321 423 1363 Deus
445 1319 664 1362 hominem
687 1317 871 1376 flagellat
901 1317 1150 1360 memoriter
1170 1326 1315 1362 teneas
1335 1353 1346 1370 ,
1373 1330 1522 1377 quate-

142 1404 223 1432 nus
246 1387 289 1430 in
307 1385 422 1430 omni
438 1384 689 1428 Infirmitate
712 1392 752 1426 et
768 1383 1061 1426 Tribulatione
1083 1399 1251 1442 semper
1262 1394 1358 1428 ante
1371 1386 1526 1429 mentis

142 1454 289 1496 oculos
303 1484 317 1501 ‚
343 1467 435 1510 quae
456 1451 566 1493 dicta
583 1459 705 1503 sunt,
728 1449 899 1492 habeas.
922 1449 970 1491 In
992 1449 1056 1492 his
1075 1465 1260 1508 namque
1278 1452 1525 1495 meditando

141 1519 355 1576 flagellum
373 1517 451 1560 Dei
473 1516 654 1575 gratanti
691 1515 831 1557 animo
860 1515 1072 1557 tolerabis,
1099 1516 1298 1559 Firmiter
1319 1517 1432 1560 enim
1451 1520 1527 1560 de-

141 1585 292 1628 bemus
304 1584 480 1626 credere
500 1614 510 1630 ,
535 1582 649 1638 quod
661 1581 826 1622 nullum
844 1588 1070 1637 peccatum
1088 1580 1179 1623 sine
1196 1582 1381 1625 vindicta
1401 1584 1528 1626 relin-

143 1649 299 1708 quitur.
329 1647 413 1689 Aut
436 1646 549 1688 enim
569 1645 640 1687 hic
660 1660 738 1703 per
759 1645 1054 1702 poenitentiam
1072 1648 1363 1705 unusquisque
1381 1664 1529 1706 pecca-

143 1724 234 1758 tum
257 1728 382 1756 suum
397 1711 508 1754 delet
530 1711 610 1767 (1),
637 1719 709 1752 aut
735 1710 942 1753 Dominus
966 1711 1032 1768 pie
1057 1726 1132 1767 per
1159 1727 1282 1755 suum
1313 1712 1527 1772 flagellum

144 1788 322 1841 purgat,
347 1787 418 1821 aut
439 1786 533 1836 post
554 1786 734 1819 mortem
751 1777 846 1834 igne
859 1776 1091 1835 purgatorii
1108 1779 1386 1836 purgabitur3
1411 1781 1529 1839 quod

145 1847 179 1890 si
198 1846 264 1890 his
286 1843 422 1887 modis
445 1851 669 1901 peccatum
688 1842 871 1884 hominis
895 1858 979 1885 non
1022 1843 1149 1887 suerit
1183 1845 1391 1896 deletum,
1431 1855 1527 1904 post

145 1912 255 1956 hanc
271 1910 399 1967 vitam
413 1908 605 1966 inignem
631 1908 860 1950 descendet
882 1916 1102 1950 aeternum.
1131 1908 1228 1951 Haec
1243 1924 1341 1952 vero
1354 1911 1527 1954 audiens

148 1980 191 2021 et
213 1977 265 2019 ad
281 1974 531 2018 memoriam
553 1973 785 2022 reducens,
811 1988 1079 2030 nequaquam
1106 1973 1234 2016 debes
1265 1976 1316 2017 de
1342 1984 1412 2018 tua
1442 1977 1529 2019 des-

147 2056 297 2101 perare
319 2041 470 2088 salute,
485 2047 527 2080 et
543 2040 604 2097 (2)
625 2053 893 2096 nequaquam
915 2053 1016 2080 cum
1040 2039 1333 2095 desperatione
1356 2041 1521 2084 dicere:

160 2107 316 2150 «Multa
341 2112 439 2148 sunt
465 2105 575 2146 mala
603 2112 644 2145 et
673 2103 1002 2145 innumerabilia
1032 2112 1206 2160 peccata
1229 2119 1337 2149 mea.
1361 2124 1376 2146 »
1411 2105 1528 2149 Scito

146 2187 225 2232 pro
248 2179 365 2215 certo
388 2171 503 2229 quod
527 2170 676 2222 ‚nullus
714 2177 878 2212 tantum
916 2177 1054 2227 potest
1083 2184 1288 2228 peccare,
1323 2180 1526 2229 quantum

147 2235 223 2282 Dei
241 2237 375 2296 pietas
400 2236 510 2278 valet
531 2234 766 2284 dimittere,
792 2235 823 2276 si
849 2243 992 2277 tamen
1014 2235 1218 2294 poeniteat
1254 2251 1461 2295 peccans,
1487 2245 1529 2280 et

148 2303 183 2347 si
204 2301 257 2345 ad
279 2302 399 2345 illum
427 2316 471 2343 se
498 2307 746 2343 convertere
765 2301 946 2342 studeat.

199 2412 212 2436 ²
225 2413 323 2445 Joan.
341 2421 386 2451 ix,
401 2413 436 2446 3.
449 2426 495 2436 --·
510 2408 526 2432 ²
540 2412 662 2444 Jerem.
677 2420 760 2453 xvn,
783 2410 837 2444 18.

197 2491 253 2540 (1)
270 2492 350 2529 Cod.
368 2493 492 2528 deleat.
505 2508 551 2517 —
571 2489 619 2537 (2)
633 2493 729 2524 Deest
747 2499 781 2524 ee
798 2490 831 2524 in
849 2491 927 2526 cod.
