1885 3284
321 343 465 376 sEnMo
500 344 613 383 xm,
653 344 708 374 οε
745 343 959 374 ΡΑεειοΝΕ
996 339 1160 373 nostum
1196 344 1255 373 vi.
1386 331 1477 376 «223

112 412 251 458 mine,
277 411 370 467 quia
400 425 475 466 pro
508 410 629 450 nobis
654 426 674 451 a
697 409 1021 451 crucifixoribus
1058 405 1123 450 illa
1151 410 1277 451 facies
1305 411 1482 466 pulchra

109 492 194 534 proe
231 476 328 517 filiis
363 475 607 523 hominum,
648 477 811 518 velatur
842 484 988 518 contra
1016 476 1272 523 claritatem«,
1312 475 1484 517 inflatur

111 550 256 583 contra
279 540 588 598 speciositatem
606 572 616 588 ,
642 541 1048 597 conspuitur-contra
1066 540 1480 583 desiderabilitatem.

111 607 310 649 O-Juda'ee
329 605 517 663 perfide,
543 621 620 647 cur
645 606 794 647 faciem
818 606 972 647 Christi
1006 605 1144 647 velas?
1181 607 1245 647 An
1278 606 1408 656 forte,
1439 613 1487 648 itt

110 677 199 714 ‘non
223 671 363 713 videas
383 685 475 712 eam
493 702 502 718 ‚
526 685 577 711 an
612 671 719 712 sorte
742 678 788 712 ut
808 686 892 712 non
922 671 1095 713 videaris
1114 671 1163 712 ab
1187 682 1248 712 ea.
1278 671 1352 713 lua
1372 672 1487 714 enim

111 737 238 779 facies
265 745 388 778 tantae
411 736 658 777 reverentiae
676 744 789 785 erat,
815 737 927 793 quod
948 736 1024 777 nisi
1048 736 1158 777 illam
1183 737 1240 791 (ι)
1266 738 1484 785 volassent,

112 803 352 845 nullatenus
375 816 467 843 eam
490 802 714 842 verberare
736 803 801 843 vel
819 816 1052 859 conspuere
1069 803 1317 858 potuissent.

174 867 219 910 V.
261 867 516 910 volaverunt
538 882 638 922 ergo
670 867 821 908 faciem
848 867 964 924 ejus,
1002 877 1385 924 percusseruntque
1412 868 1491 909 du-

116 941 258 975 centes
278 948 375 974 eum
397 932 643 974 festinanter
665 934 715 974 ad
734 948 928 980 crucem;
949 935 1105 975 etdum
1131 933 1190 974 sic
1214 948 1340 975 cruce
1363 948 1490 991 nnga-

116 999 294 1040 riaretur
312 1006 354 1040 et
378 999 621 1046 duceretur,
643 999 822 1047 utlatro,
848 998 1019 1040 audiens
1040 1013 1166 1055 super
1183 1012 1328 1041 omnes
1345 1014 1493 1040 vocem

116 1063 258 1106 Matris
281 1063 571 1111 lamentantis,
614 1065 756 1104 volens
784 1079 826 1104 se
859 1064 978 1105 Matri
1004 1065 1317 1114 demonstrare,
1350 1066 1492 1106 volens

117 1144 208 1170 eam
231 1129 385 1170 intueri
415 1138 457 1170 et
482 1129 692 1170 consolari
719 1161 728 1176 ‚
753 1137 799 1170 ut
822 1137 1010 1185 poterat,
1040 1144 1136 1170 cum
1171 1129 1352 1172 maxima
1383 1129 1495 1172 dissi-

117 1195 273 1235 cultate
294 1197 491 1235 convertit
513 1209 555 1235 se
577 1196 628 1235 ad
659 1194 832 1235 Matrem
857 1209 984 1235 cruce
1006 1194 1065 1235 sic
1093 1195 1331 1250 angariatus
1352 1227 1361 1243 ,
1382 1203 1422 1237 et
1442 1195 1497 1237 ait

118 1260 279 1300 caeteris
311 1259 560 1300 mulieribus
589 1274 629 1300 :a
649 1259 765 1300 Filiae
796 1258 1034 1300 Jerusalem
1054 1292 1063 1307 ‚
1092 1261 1222 1301 nolite
1246 1260 1348 1303 ssere
1370 1276 1497 1317 snper

117 1344 133 1362 ι)
149 1324 236 1366 me¹
256 1341 266 1372 ;
284 1343 298 1363 n
314 1325 434 1366 Matri
455 1340 552 1365 voro
571 1324 673 1380 quid
698 1325 810 1366 aliud
827 1325 968 1366 dicere
990 1333 1169 1381 poterat,
1192 1326 1270 1366 ni'si
1293 1342 1334 1367 :e
1354 1328 1390 1370 Ο
1407 1327 1494 1369 Ma-

119 1395 197 1438 ter,
226 1389 310 1445 jam
329 1404 413 1431 non
431 1398 581 1438 mater,
608 1389 746 1446 aspice
770 1389 918 1432 faciem
938 1389 1032 1431 Filii
1051 1390 1145 1431 tui?
1168 1391 1322 1447 Aspice
1347 1392 1380 1433 si
1401 1407 1494 1433 sum

121 1455 190 1497 ille
209 1487 220 1504 ,
251 1470 377 1511 quem
398 1455 440 1496 in
458 1464 604 1497 ventre
628 1456 826 1512 portasti;
852 1455 991 1511 aspice
1013 1455 1045 1497 si
1071 1470 1164 1497 sum
1190 1456 1497 1514 primogenitus

122 1528 240 1569 tuus,
270 1533 397 1576 quern
420 1519 464 1561 in
491 1520 696 1576 praesepio
722 1520 958 1569 reclinasti;
987 1520 1125 1576 aspice
1142 1553 1152 1567 ,
1180 1536 1204 1562 o
1229 1521 1376 1570 Mater,
1414 1521 1498 1576 jam

121 1600 204 1627 non
229 1594 377 1634 mater,
405 1586 601 1626 indutum
626 1600 694 1626 me
710 1600 795 1627 non
814 1594 885 1627 tua
910 1584 1075 1633 tunica,
1101 1601 1226 1642 quam
1256 1586 1297 1628 in
1320 1586 1500 1643 pueritia

121 1650 224 1692 mihi
247 1650 436 1698 texuisti3
461 1651 534 1692 sed
555 1665 680 1706 super
704 1650 772 1692 issa
800 1651 973 1692 indutus
997 1666 1089 1692 sum
1118 1660 1255 1702 veste,
1292 1667 1417 1708 quam
1439 1667 1502 1709 sy-

122 1730 281 1772 nagoga
306 1715 409 1756 mihi
431 1716 695 1772 praeparavit.
726 1735 741 1753 »

183 1780 249 1822 Vl.
289 1780 340 1821 Et
362 1780 421 1821 sic
443 1782 596 1822 ductus
615 1788 677 1821 est
701 1780 893 1821 Christus
917 1781 970 1821 ad
989 1781 1130 1821 locum
1154 1782 1372 1835 passionis,
1400 1784 1500 1825 etin

125 1846 343 1902 praesentia
367 1843 509 1887 Matris
524 1877 533 1895 ,
555 1854 601 1887 ut
617 1847 724 1887 latro
741 1877 752 1894 ,
770 1847 1022 1901 expoliatur,
1047 1860 1129 1887 nec
1152 1846 1285 1888 Mater
1308 1850 1419 1890 valet
1435 1849 1502 1891 Fi-

125 1912 228 1952 lium
252 1911 498 1969 cooperire;
529 1911 723 1952 manibus
750 1911 862 1967 ligno
885 1911 1087 1967 affigitur,
1122 1926 1200 1953 nec
1229 1914 1340 1955 valet
1362 1914 1504 1956 Matris

128 1976 327 2018 auxilinm
341 1978 580 2033 postular03
600 1991 753 2033 corpus
772 1976 814 2016 in
835 1991 962 2017 cruce
987 1977 1166 2032 pendet,
1194 1991 1271 2018 nec
1291 1979 1398 2020 valet
1421 1994 1505 2020 ma-

128 2050 192 2083 ter
212 2042 501 2089 substentare3
525 2056 679 2097 corpus
701 2040 743 2081 in
768 2055 897 2082 cruce
921 2053 995 2096 per
1029 2041 1155 2096 pedes
1193 2041 1395 2091 trahitur,
1427 2059 1505 2086 nec

128 2108 236 2148 valet
256 2107 326 2164 pia
348 2108 480 2149 Mater
508 2107 678 2149 Judaeos
699 2140 708 2159 ‚
733 2115 779 2148 ut
808 2106 914 2147 Filio
944 2114 1118 2162 parcant
1137 2138 1146 2154 ,
1175 2106 1404 2163 deprecari.
1437 2110 1506 2151 Sic

128 2175 241 2217 enim
264 2174 526 2231 crucifigitur
542 2174 682 2222 Jesus,
709 2175 768 2215 sic
791 2174 1061 2230 suspenditur
1079 2173 1167 2220 ille,
1192 2175 1261 2229 qui
1284 2185 1506 2232 peccatum

130 2255 216 2282 non
241 2240 365 2288 secit;
384 2250 426 2282 et
444 2243 544 2283 dum
563 2240 622 2281 sic
645 2240 686 2281 in
705 2254 832 2281 cruce
854 2240 1058 2296 penderet
1077 2271 1084 2286 ,
1111 2240 1302 2295 aperiens
1324 2243 1470 2284 oculos
1495 2276 1505 2290 ,

136 2315 262 2362 prout
283 2315 468 2362 poterat,
494 2306 738 2362 recognovit
761 2305 869 2346 inter
891 2320 1037 2346 omnes
1059 2304 1170 2361 piam
1196 2305 1371 2348 Matrem
1400 2323 1508 2349 con-

135 2371 374 2419 dolentem3
395 2379 436 2412 et
453 2371 485 2412 si
510 2385 593 2411 non
618 2369 741 2418 dixit,
761 2378 900 2411 tamen
915 2369 1004 2411 haec
1024 2369 1148 2410 verba
1163 2368 1303 2412 dicere
1321 2381 1506 2427 poterat:

145 2455 159 2475 ιι
172 2436 409 2484 ornamina,
425 2443 723 2478 testamentum
737 2451 880 2477 meum
899 2435 1000 2483 seci;
1021 2435 1145 2477 Petro
1161 2437 1417 2492 apostolatus
1435 2453 1511 2479 cu-

136 2516 245 2550 ram,
266 2501 478 2559 Apostolis
500 2515 671 2559 pacem,
693 2501 831 2544 Mariae
854 2509 1027 2559 peccata
1050 2500 1214 2549 dimisi,
1238 2500 1395 2544 Judaeis
1418 2498 1511 2544 cor'-

186 2615 194 2636 ¹
216 2615 293 2646 Luc.
309 2623 409 2656 xxm,
432 2615 487 2644 28.

186 2695 233 2735 (ι)
254 2693 333 2727 Cod.
353 2693 406 2724 ubi
422 2693 532 2724 ceiam.
