1868 3301
350 262 442 326 378
617 279 651 309 s,
695 279 936 310 Aueusrim
975 280 1179 310 EPISCOPI
1216 281 1455 314 Arrssumx.

350 343 590 401 Numquam
611 345 721 389 enim
748 347 946 389 mulieres
976 347 1219 403 frequenter
1248 348 1389 392 videre
1422 350 1648 398 debemus,
1681 359 1725 395 et

353 408 384 449 si
409 409 606 465 possibile
639 419 701 452 cst
733 426 953 468 nunquam
977 413 1027 453 de
1054 412 1205 454 talibus
1235 414 1378 470 loqui,
1414 415 1479 457 vel
1511 413 1723 474 disputare

350 482 491 515 utrum
509 473 725 531 pulchrior
744 477 832 518 lucc
851 479 914 519 vel
938 478 1030 526 illa,
1052 478 1084 519 si
1108 478 1244 520 Mariae
1263 481 1430 536 placere
1448 481 1720 524 intendimus.

351 537 543 596 Denique
572 543 799 591 attendito,
838 543 986 585 fratres
1026 543 1129 593 mei,
1163 546 1263 602 quid
1288 545 1438 587 dixerit
1460 562 1635 604 magnus
1658 547 1726 592 ille

353 604 457 647 Cato
477 606 527 647 de
545 606 724 650 soeminis
743 624 751 650 ε
770 627 784 646 «
807 609 848 651 Si
869 610 1026 666 absque
1045 610 1212 651 soemina
1232 619 1341 652 esset
1359 612 1542 654 mundus
1559 644 1568 662 ,
1586 620 1728 654 nostra

351 672 614 714 conversatio
636 690 718 716 non
732 682 839 716 essct
863 676 1019 733 absque
1047 676 1136 718 diis.
1167 695 1181 712 ν»
1209 675 1300 718 Non
1323 691 1422 734 crgo
1444 673 1542 719 licet
1566 677 1730 720 clericis

351 736 619 780 foeminarum
642 741 1002 783 conversationem
1028 741 1198 782 habero.
1226 741 1442 797 Numquid
1464 744 1551 799 ipsa
1576 742 1732 787 diaboli

354 802 482 860 janua
519 818 600 846 non
635 806 724 848 est?
758 807 966 864 numquid
1004 823 1088 849 non
1126 807 1189 849 via
1232 806 1489 864 iniquitatis?
1526 807 1734 864 numquid

355 883 440 910 non
470 870 704 927 scorpionis
738 873 990 930 percussio?
1027 873 1234 929 numquid
1268 888 1350 915 non
1383 873 1572 917 omnium
1599 874 1734 935 mulo-

356 945 449 976 rutn
469 950 599 992 genus
618 945 680 978 cst
698 946 738 979 et
755 938 910 996 caput?
931 939 1033 981 Nam
1055 933 1155 980 dum
1175 938 1503 996 appropinquat,
1528 939 1731 986 stimulam

358 1015 456 1042 mox
486 1001 624 1058 ignem
657 1003 746 1044 visu
775 1003 995 1054 accendit,
1020 1004 1283 1062 flammigero
1313 1004 1407 1063 igne
1431 1003 1596 1047 lumbos
1619 1017 1735 1047 com-

357 1066 490 1114 burit,
507 1068 814 1111 conscientiam
834 1070 1035 1112 intuentis
1058 1071 1253 1119 destruit,
1269 1078 1310 1112 et
1325 1069 1599 1113 fundamenta
1620 1083 1738 1113 sanc-

364 1130 491 1175 titatis
515 1133 555 1174 in
579 1134 698 1176 brevi
720 1138 884 1179 evertit.

422 1197 490 1240 Vl.
532 1200 645 1250 Quid
666 1202 777 1243 onim
803 1204 906 1245 mihi
928 1213 1048 1261 pater
1065 1202 1320 1244 venerabilis
1341 1201 1590 1244 Ambrosius
1617 1201 1737 1264 dixit,

364 1264 513 1306 fratres
532 1298 542 1312 ,
569 1266 734 1308 audite:
762 1268 975 1311 «Matrem
1008 1278 1122 1311 tuam
1156 1268 1210 1309 ita
1248 1267 1408 1319 videas,
1445 1281 1497 1309 ne
1529 1281 1606 1324 per
1626 1266 1741 1310 illam

366 1329 465 1371 alias
487 1329 679 1372 soeminas
700 1331 843 1376 videre
862 1333 1045 1376 coneris.
1071 1333 1328 1382 Ancillulas‚
1348 1347 1440 1390 quae
1459 1331 1515 1374 illi
1540 1331 1742 1389 obsequio

367 1404 490 1444 sunt,
521 1396 627 1438 scias
655 1397 727 1439 tibi
764 1414 853 1441 esse
888 1400 1082 1446 iusidias,
1117 1408 1158 1441 ct
1186 1406 1344 1457 quanto
1368 1397 1486 1438 vilior
1510 1405 1572 1438 est
1597 1410 1742 1439 earum

365 1461 577 1511 conditio,
616 1460 847 1506 faciliorem
884 1480 1063 1523 agnosce
1092 1469 1206 1506 tuam
1238 1478 1328 1504 osse
1352 1462 1533 1503 ruinam.
1563 1460 1744 1504 Pulchra

367 1526 549 1583 denique
574 1528 657 1570 cito
681 1530 926 1577 adamatur,
969 1539 1010 1572 ct
1041 1529 1183 1572 soetida
1219 1544 1312 1571 raro
1350 1526 1590 1585 despicitur.
1639 1525 1744 1579 Quis

367 1593 617 1650 gloriabitur
638 1604 799 1637 castum
830 1612 872 1637 se
904 1596 1059 1637 habero
1092 1594 1229 1637 corP»
1254 1595 1350 1636 Haec
1381 1594 1493 1635 enim
1525 1592 1603 1636 fuit
1636 1591 1745 1635 inter

370 1667 521 1701 caetcra
543 1661 791 1702 venerabilis
814 1661 943 1718 patris
968 1659 1182 1705 Ambrosii
1210 1661 1401 1701 doctrina
1417 1691 1426 1706 ,
1451 1673 1576 1715 quam
1600 1671 1747 1700 omnes

368 1735 444 1766 nos
465 1740 597 1783 usquc
613 1727 664 1767 ad
676 1735 856 1767 mortem
878 1736 1021 1768 tenere
1040 1724 1457 1780 debemus-Adjuvet
1485 1732 1623 1766 autem
1649 1738 1745 1771 nos.

368 1798 411 1832 et
432 1790 671 1850 interpellet
702 1807 780 1850 pro
803 1793 924 1834 nobis
960 1792 1035 1834 Dei
1069 1792 1200 1834 Mater
1237 1792 1295 1847 (1)
1325 1792 1454 1843 alma,
1481 1805 1572 1847 qua:
1595 1789 1750 1833 meruit

370 1856 574 1899 hodierna
597 1857 664 1900 die
682 1874 809 1914 super
831 1874 975 1900 omnes
996 1858 1149 1901 choros
1173 1857 1431 1914 Angelorum
1454 1855 1648 1902 exaltari,
1674 1863 1721 1897 ut
1736 1887 1747 1903 ,

369 1923 592 1966 destructis
616 1925 723 1966 vitiis
747 1935 788 1967 et
813 1924 955 1966 bravio
979 1924 1124 1966 salutis
1149 1926 1327 1981 adepto,
1353 1922 1572 1982 pervenire
1589 1935 1751 1965 merea-

373 2005 469 2031 mur
490 1989 544 2032 ad
569 1990 744 2048 gloriam
768 2000 982 2033 aeternam.
1011 1990 1163 2033 Amen.

425 2092 472 2137 (1)
491 2092 570 2126 Cod.
590 2102 622 2123 ec
633 2094 735 2127 alma.
