1868 3301
332 283 424 330 512
590 298 625 327 s.
670 296 913 328 Aueusrnw
950 298 1156 330 EPISCOPI
1193 298 1433 332 APPENDlx.

331 362 579 422 templum?
606 361 761 420 quibus
790 362 969 419 pedibus
996 363 1184 421 palpabis
1213 373 1407 408 sanctum
1441 366 1568 424 ipsius
1600 369 1709 426 pavi-

328 427 552 475 mentum?
566 427 794 480 Quomodo
812 443 962 470 manus
985 431 1186 471 extendes
1208 430 1290 487 (1),
1307 432 1357 472 de
1369 431 1524 487 quibus
1541 433 1708 490 sanguis

326 497 466 556 justus
478 494 617 538 adhuc
636 493 841 536 distillat?
864 495 1081 550 quomodo
1096 493 1346 550 hujusmodi
1362 497 1557 540 manibus
1584 513 1709 541 sanc-

325 571 418 607 tum
442 560 644 618 suscipies
671 558 840 601 Domini
861 559 1050 616 corpus?
1081 559 1178 611 Qua
1199 563 1529 619 praesumptione
1551 563 1614 605 ori
1637 572 1708 605 tuo

326 625 586 688 porriges(2)
601 626 805 683 poculum
818 623 1035 681 sanguinis
1053 625 1428 682 Dominipretiosi,
1444 629 1545 670 dum
1566 628 1708 671 furore

325 707 572 739 sermonum
599 700 741 734 tantus
765 691 933 747 sanguis
955 689 1112 746 injuste
1134 691 1186 733 sit
1201 691 1392 735 ess‘ususiJ
1412 693 1579 736 Recede
1594 709 1709 751 ergo,

324 761 479 805 recede
495 792 504 808 ,
532 767 639 800 etne
660 757 720 814 (5)
743 757 929 798 secundo
949 765 1130 814 peccato
1149 757 1334 815 priorem
1357 759 1589 816 nequitiam
1613 776 1709 818 aug-

324 833 489 870 mentes
510 825 589 882 (4).
611 823 676 865 Tu
694 823 864 864 tandem
893 822 1059 879 suscipe
1082 822 1316 873 vinculum,
1341 839 1424 881 quo
1445 832 1487 867 te
1503 825 1708 868 Dominus

323 890 515 936 omnium
533 903 647 931 nunc
671 887 828 944 ligavit.
855 887 928 929 Est
945 888 1058 929 enim
1081 888 1292 931 medicina
1315 890 1497 933 maxima
1519 891 1708 934 sanitatis

323 956 511 1016 cognitio
533 953 741 1012 peccati.»
756 952 827 994 His
846 967 1016 1009 quoque
1038 953 1305 996 sermonibus
1327 955 1707 1013 imperator'l‘heo-

323 1023 465 1068 dosius
495 1019 699 1063 obediens
736 1017 838 1068 fuit,
885 1017 1034 1060 divinis
1065 1019 1379 1063 eruditionibus
1418 1021 1602 1063 nutritus
1627 1054 1638 1069 ‚
1665 1030 1706 1065 et

320 1096 464 1148 aperte
486 1086 548 1144 (5)
575 1084 693 1126 utilia
715 1082 876 1126 monita
901 1084 1171 1127 sacerdotum
1202 1100 1460 1143 agnoscenS,
1485 1094 1527 1128 et
1545 1085 1707 1130 dessens

323 1156 377 1198 ad
407 1152 563 1210 regalia
600 1148 819 1192 remeavit.
856 1148 1051 1206 Cumque
1087 1159 1184 1192 octo
1207 1151 1419 1194 mensium
1458 1152 1705 1195 continuata

317 1219 567 1266 transissent
589 1224 802 1272 tempora,
830 1215 1184 1273 appropinquavit
1205 1216 1431 1260 Salvatoris
1451 1218 1584 1261 nostri
1604 1217 1706 1260 Jesu

318 1284 480 1330 Christi
502 1282 715 1325 nativitas.
746 1282 981 1338 Imperator
1003 1281 1269 1326 Theodosius
1293 1283 1469 1326 assiduis
1495 1286 1704 1327 lamenta-

318 1351 506 1397 tionibus
526 1349 567 1391 in
590 1346 749 1406 palatio
771 1346 959 1390 residens
974 1380 985 1397 ‚
1010 1348 1233 1390 continuas
1251 1349 1460 1406 lacrymas
1480 1349 1705 1392 incessabi-

315 1418 416 1463 liter
435 1415 670 1458 emittebat.
694 1413 913 1470 Ingressus
932 1422 1072 1456 auten]
1093 1413 1276 1457 Rufinus
1297 1414 1496 1472 magister
1516 1415 1705 1472 singula-

315 1499 407 1527 rem
427 1480 632 1524 fiduciam
657 1481 771 1537 apud
791 1478 1086 1521 Theodosium
1110 1479 1271 1522 habens
1289 1512 1302 1530 ,
1324 1480 1429 1523 vidit
1455 1495 1552 1522 eum
1577 1481 1619 1522 in
1643 1482 1703 1523 la-

316 1547 582 1594 mentatione
609 1552 904 1602 prostratum;
932 1545 1111 1587 accessit
1147 1553 1193 1586 ut
1239 1547 1525 1602 lacrymarum
1557 1561 1703 1589 causas

315 1613 570 1671 inquireret.
592 1611 649 1652 At
664 1610 735 1652 ille
759 1609 1020 1651 amarissime
1044 1610 1398 1666 ingemiscens‚et
1415 1610 1703 1654 vehementius

315 1682 557 1737 lacrymans
584 1691 594 1717 ε
623 1675 746 1722 ειΤυ,
786 1673 948 1731 inquit,
988 1673 1166 1723 Rufine‚
1201 1689 1269 1716 me
1299 1675 1465 1717 deludis
1486 1707 1498 1724 ‚
1539 1684 1582 1718 et
1609 1690 1703 1719 mea

317 1747 429 1790 mala
451 1758 537 1786 non
552 1741 696 1784 sentis.
721 1740 809 1798 Ego
826 1748 968 1782 autem
989 1741 1200 1782 lamentor
1219 1748 1261 1782 et
1275 1755 1398 1797 gemo
1420 1740 1702 1783 calamitatem

314 1826 455 1856 meam
474 1843 483 1860 ‚
503 1808 600 1865 quia
625 1821 843 1849 servorum
864 1805 1036 1862 quidem
1053 1839 1062 1855 ‚
1088 1815 1129 1849 et
1150 1805 1485 1848 mendicantium
1499 1837 1509 1856 ‚
1533 1813 1574 1848 et
1592 1806 1703 1848 clau—

318 1879 472 1922 dorum
494 1881 558 1916 est
593 1872 801 1929 templum
837 1870 936 1921 Dei,
971 1879 1012 1913 et
1049 1871 1125 1929 ipsi
1156 1872 1361 1927 templum
1385 1870 1700 1928 ingredientes.

315 1941 537 2003 proprium
553 1937 785 1981 Dominum
803 1937 920 1980 licite
938 1947 1136 1985 exorant;
1155 1936 1258 1978 mihi
1274 1951 1370 1978 vero
1389 1937 1599 1993 ingressus
1616 1951 1702 1978 non

316 2018 381 2053 est
400 2011 546 2066 patens
569 2005 622 2045 ad
651 2003 817 2051 Deum;
844 2002 1016 2061 insuper
1034 2012 1076 2045 et
1092 2003 1187 2045 coeli
1204 2002 1307 2044 mihi
1329 2002 1458 2044 clausi
1482 2010 1606 2050 sunt,
1630 2002 1701 2059 qui

317 2074 476 2119 animas
509 2068 745 2127 suscipiunt
775 2068 999 2124 justorum.
1044 2087 1057 2108 n
1092 2069 1190 2111 Haec
1218 2069 1332 2110 enim
1372 2068 1533 2125 singula
1573 2068 1699 2110 verba

318 2141 482 2188 dicens,
508 2135 762 2194 singultibus
790 2135 848 2191 (6)
879 2135 1006 2176 verba
1030 2134 1193 2192 singula
1217 2133 1492 2191 irrumpebat.
1521 2131 1698 2176 Rufinus

317 2203 535 2264 respondit
555 2218 563 2244 :
581 2220 596 2240 α
616 2201 752 2252 Vado,
785 2201 943 2258 inquit,
971 2201 1004 2243 si
1032 2201 1107 2243 tibi
1131 2201 1302 2259 placet,
1329 2207 1372 2242 et
1393 2198 1588 2242 Pontifici
1606 2214 1700 2256 pre-

320 2272 441 2316 cibus
472 2266 747 2327 persuadebo
769 2298 779 2316 ‚
810 2274 857 2308 ut
887 2267 1016 2309 solvat
1051 2267 1291 2315 vinculum,
1323 2280 1407 2322 quo
1433 2273 1473 2307 te
1493 2263 1649 2321 ligavit.
1671 2282 1687 2304 n

319 2336 391 2381 Ait
412 2335 450 2378 ei
473 2334 531 2390 (7)
556 2332 827 2376 Theodosius
855 2332 1003 2376 :«Non
1022 2332 1218 2375 suadebis
1236 2330 1510 2374 Ambrosium
1531 2343 1701 2373 servum

316 2401 410 2449 Dei.
467 2399 576 2444 Novi
614 2398 729 2442 enim
774 2400 994 2443 decretum
1038 2399 1148 2443 illius
1196 2413 1288 2442 esse
1326 2398 1488 2456 justum
1504 2427 1517 2448 ,
1562 2411 1699 2453 neque

1272 2469 1292 2480 Ο

366 2522 416 2570 (1)
430 2522 511 2559 Cod,
531 2519 694 2554 extendis.
708 2540 755 2547 -—
768 2521 817 2568 (2)
832 2521 1043 2565 Id.porr1’gis,
1060 2541 1101 2547 —
1128 2520 1178 2567 (3)
1199 2521 1247 2555 Id.
1274 2520 1321 2555 in.
1337 2538 1384 2546 —
1404 2519 1456 2565 (4)
1476 2519 1525 2553 Id.
1542 2532 1697 2564 augmen-

317 2581 409 2619 tasti.
427 2597 473 2606 —-
493 2577 546 2624 (5)
564 2577 614 2611 Id.
631 2578 722 2612 addit
741 2579 847 2612 sciens
864 2578 955 2622 quod
971 2578 1098 2612 videtur
1112 2578 1290 2614 abundare.
1309 2596 1357 2604 —
1380 2578 1429 2623 (6)
1448 2578 1502 2611 Id.
1526 2578 1696 2621 singultus.

316 2653 364 2667 .-
381 2635 432 2680 (7)
446 2635 495 2669 ld.
512 2633 613 2669 enim.
