1868 3301
279 301 373 363 [270
553 317 586 346 s.
633 314 878 345 Ateus'rim
913 312 1117 344 EPISCOPI
1153 312 1390 346 APPEme.

278 382 382 424 Nam
408 382 568 440 gladius
592 382 745 425 eluisti
769 381 949 423 animam
982 380 1199 436 utriusque
1222 380 1439 422 transfixit.
1466 379 1648 432 Quando

278 447 504 489 Dominum
522 447 736 503 (1)se1·vus
759 463 863 487 saeve
885 445 1134 502 perimebat,
1160 455 1335 502 uterque
1352 446 1481 504 magis
1495 445 1648 496 sseb3t3

277 513 351 554 sed
377 514 514 555 acrior
534 514 594 569 (2)
620 512 758 555 servor
777 511 903 553 fiebat
928 511 967 551 iu
987 510 1139 558 Matre,
1164 526 1256 568 quae
1278 512 1414 553 aerius
1436 512 1529 554 Filii
1552 526 1650 554 sen-

280 577 408 620 tiebat
426 579 609 620 dolores.
646 579 802 619 Christi
827 576 1046 618 morientis
1067 585 1186 618 erant
1211 578 1382 618 vulnera
1403 577 1545 619 Matris
1562 578 1641 635 (5).

275 641 483 686 Dilaniata
521 644 651 687 Mater
677 643 861 701 pignoris
894 651 1032 683 morte
1065 650 1168 684 erat.
1212 641 1380 684 Viscera
1398 643 1538 685 Mau-is
1568 643 1646 699 (4),

279 717 398 750 erant
421 724 617 766 percussa
646 709 819 765 cuspide
841 707 929 755 teli,
949 709 1117 763 quando
1143 707 1202 763 (5)
1226 709 1414 749 membra
1437 708 1531 751 Filii
1552 722 1650 766 per-

278 774 496 816 cutiebant
518 773 577 832 (6)
599 775 705 817 servi
728 773 872 830 iniqui.
891 774 999 815 Tum
1018 783 1188 831 pectora
1207 771 1270 832 (7)
1289 775 1376 831 ipsa
1393 783 1528 823 erant,
1554 788 1648 831 quae

277 838 398 880 dolor
417 855 594 897 magnus
614 841 796 882 tenebat.
819 840 866 881 In
889 848 1032 881 mente
1052 839 1142 894 ejus
1161 848 1349 882 creverat
1375 841 1432 895 (8)
1451 853 1648 882 mensura

276 904 433 947 doloris
447 938 458 955 ‚
473 921 552 948 nee
569 915 683 948 extra
700 905 866 947 refundi
889 914 1068 962 poterat.
1096 906 1188 962 Ipsa
1211 905 1311 948 hora
1329 921 1425 948 eum
1449 905 1559 947 inter
1572 919 1646 947 sae-

274 970 433 1013 vientes
464 973 633 1014 dolores
659 973 745 1014 nati
782 972 944 1014 aeriter
964 972 1107 1014 Matris
1131 972 1268 1014 anima
1291 973 1531 1029 jactabatur
1553 971 1644 1028 (9),

277 1035 318 1077 in
352 1051 481 1079 carne
520 1037 677 1080 Christi
717 1039 959 1081 solvebatur
982 1038 1071 1094 (10)
1102 1038 1293 1080 debitum
1327 1038 1500 1092 mortis,
1534 1038 1650 1094 quod.

273 1102 438 1160 gravius
460 1113 565 1146 erat.
586 1104 762 1147 Interim
786 1105 976 1146 Christus
998 1106 1298 1147 commendata
1320 1104 1453 1146 Matre
1470 1103 1650 1151 Joanni,

274 1168 377 1209 dixit
403 1183 412 1209 :
432 1168 609 1212 «Siti01.
632 1170 748 1221 »Qui
771 1169 1077 1212 crucifixerunt
1099 1186 1196 1212 eum
1212 1204 1221 1219 ,
1250 1179 1417 1212 acetum
1435 1184 1532 1211 cum
1556 1168 1653 1211 selle

274 1232 458 1276 mixtum
481 1235 690 1277 dederunt
705 1236 866 1283 eidem;
887 1236 957 1292 qui
980 1251 1076 1278 cum
1095 1244 1324 1293 gustasset,
1351 1234 1486 1276 noluit
1508 1233 1653 1276 bibere

275 1308 315 1341 et
342 1299 397 1342 ait
430 1315 438 1342 ε
472 1318 487 1337 «
514 1299 867 1343 Consummatum
909 1311 972 1344 est
994 1301 1025 1343 2.
1053 1302 1105 1343 Et
1127 1302 1375 1343 exclamavit
1395 1300 1518 1343 Jesus
1552 1313 1656 1342 voce

276 1380 458 1422 »magna
479 1367 651 1409 dicens:
679 1368 787 1416 Heli,
810 1368 921 1419 Heli,
946 1368 1334 1415 lammasabactani,
1357 1367 1437 1408 hoc
1451 1375 1529 1413 est,
1544 1366 1656 1408 Deus

276 1450 291 1470 n
307 1446 450 1480 meus,
467 1432 577 1475 Deus
596 1449 714 1475 meus
731 1467 740 1482 ,
768 1442 815 1475 ut
837 1434 940 1489 quid
961 1433 1222 1490 dereliquisti
1241 1433 1336 1475 nie}>
1357 1433 1408 1474 Et
1430 1433 1488 1474 sie
1512 1432 1657 1473 dicens

278 1498 555 1555 »expiravit³.
581 1517 595 1537 ιι
629 1499 750 1541 Tunc
773 1500 992 1541 intremuit
1017 1508 1127 1540 terra
1145 1531 1154 1547 ‚
1189 1501 1249 1540 sol
1286 1499 1444 1541 lumina
1469 1497 1620 1539 clausit
1644 1529 1656 1546 ,

278 1564 515 1604 moerebant
539 1564 650 1620 poli,
679 1565 920 1606 moerebant
941 1565 1078 1605 sidera
1117 1573 1270 1605 cuncta
1288 1597 1297 1613 ,
1325 1572 1366 1605 et
1389 1579 1509 1605 suum
1532 1563 1658 1619 jubar

278 1628 417 1670 amisit
433 1630 530 1670 luna
554 1630 762 1679 dolendo,
790 1631 1049 1686 recessitque
1070 1631 1206 1670 omnis
1231 1630 1280 1670 ab
1306 1630 1388 1670 alto
1407 1630 1563 1670 aethere
1587 1628 1662 1670 sul-

279 1708 369 1751 gor.
393 1693 660 1736 Seinduntur
684 1695 777 1736 duri
806 1696 964 1752 lapides
980 1727 990 1745 ‚
1018 1695 1271 1736 scinduntur
1293 1695 1453 1751 fastigia
1477 1693 1623 1751 templi
1646 1726 1658 1743 ,

285 1769 560 1801 surrexerunt
581 1761 728 1808 multi,
764 1770 906 1818 aperta
932 1760 1079 1802 tumba
1100 1760 1284 1818 sepulcri
1316 1762 1352 1815 (1
1371 1762 1428 1814 ι),
1458 1759 1661 1802 facientes

285 1824 500 1867 Christum
523 1841 620 1867 cum
638 1841 741 1869 voce
774 1825 944 1883 publiea
963 1826 1115 1868 Deum.
1141 1826 1334 1882 Cogitare
1356 1825 1459 1867 libet
1481 1829 1663 1881 quantus

289 1891 411 1933 dolor
433 1900 536 1933 tune
559 1891 682 1933 insuit
705 1891 848 1940 Matri,
873 1906 970 1933 cnm
988 1891 1047 1932 sic
1063 1891 1264 1933 dolebant
1290 1905 1381 1947 quae
1405 1889 1663 1932 insensibilia

286 1966 419 1999 erant.
447 1958 538 2000 Non
563 1958 703 2015 lingua
727 1958 856 2014 loqui,
880 1971 959 1998 nee
977 1972 1095 1999 mens
1116 1956 1300 2014 cogitare
1322 1957 1490 2004 valebit,
1507 1963 1665 2013 quanto

290 2024 433 2066 dolore
458 2024 594 2065 anima
617 2024 841 2066 tenebatur
864 2023 1023 2065 Mariae.
1051 2023 1176 2065 Juxta
1206 2022 1363 2064 Christi
1389 2038 1561 2065 crucem
1579 2029 1665 2064 sta-

285 2089 358 2131 bat
395 2098 587 2131 emortua
624 2089 771 2137 Mater,
807 2103 898 2145 quae
923 2089 1041 2130 illum
1070 2088 1269 2145 concepit
1289 2088 1542 2130 obumbrata
1574 2086 1664 2144 Spi-

285 2154 371 2196 ritu
394 2163 554 2197 sancto.
578 2153 671 2198 Vox
693 2170 777 2197 non
797 2162 887 2197 erat
908 2153 995 2206 illi,
1019 2154 1142 2196 dolor
1161 2154 1389 2197 abstulerat
1407 2169 1555 2204 voces;
1581 2153 1667 2196 imo

336 2284 346 2307 ¹
365 2287 461 2317 Joan.
482 2296 550 2325 mx,
565 2289 620 2318 28.
638 2303 684 2311 -
699 2283 715 2307 2
730 2285 813 2318 Ibid.
833 2287 888 2319 30.
906 2303 948 2310 —
964 2282 979 2307 3
994 2284 1230 2320 Mattl1.xxv1x‚
1245 2285 1303 2320 46.

339 2380 390 2428 (1)
404 2386 481 2415 Haee
498 2384 596 2416 verba
607 2386 744 2426 quando
761 2385 936 2416 Dominum
955 2383 1070 2415 desunt
1087 2384 1119 2415 in
1137 2382 1420 2425 cod.—-(2)Voces
1433 2381 1492 2412 sed
1508 2379 1625 2423 acrior,
1640 2385 1672 2412 et

288 2438 405 2471 deinde
435 2440 568 2473 verbum
587 2441 665 2471 Filii
689 2441 806 2473 desunt
823 2440 858 2473 iu
885 2440 957 2473 cod.
983 2458 1028 2464 —
1047 2437 1097 2484 (3)
1114 2442 1212 2471 Deest
1237 2439 1270 2470 in
1296 2437 1369 2472 cod.
1397 2446 1461 2470 vox
1482 2436 1670 2467 Macris.—

291 2495 340 2540 (4)
361 2498 458 2528 Deest
485 2497 601 2529 iteruin
620 2498 735 2529 Matris
764 2498 798 2530 iu
822 2497 905 2535 cod.‚
928 2496 982 2539 qui
1000 2496 1097 2528 habet
1116 2496 1274 2528 membra.
1289 2511 1337 2518 —-
1351 2492 1400 2537 (5)
1421 2492 1471 2525 Id.
1493 2492 1668 2535 quomodo.

290 2572 333 2578 -—
350 2552 401 2598 (6)
420 2557 497 2586 Haec
510 2554 608 2585 verba
621 2555 697 2585 Filii
715 2553 940 2595 percutiebam
961 2553 1075 2584 desunt
1094 2552 1126 2583 in
1143 2551 1215 2583 eod.
1233 2569 1276 2574 —
1294 2550 1342 2593 (7)
1358 2549 1437 2582 Cod.
1452 2558 1615 2591 tempora,
1635 2554 1668 2581 et

289 2609 406 2641 deinde
424 2621 536 2652 quam.
559 2627 606 2633 —-
628 2609 679 2654 (8)
699 2610 749 2644 Id.
770 2617 980 2643 creverant...
999 2616 1163 2650 poterant.
1182 2625 1230 2633 -—
1249 2606 1301 2652 (9)
1321 2607 1372 2639 Id.
1397 2605 1542 2638 animam
1562 2606 1671 2638 lacca-

291 2663 380 2698 bam.
398 2682 440 2690 —-
458 2663 534 2710 (xo)
552 2664 602 2698 Id.
619 2665 772 2698 solvebat.
790 2683 834 2690 -
851 2666 882 2705 (ι
893 2663 925 2711 1)
940 2665 988 2698 Id.
1003 2673 1126 2707 apertae·
1142 2665 1259 2698 combae
1272 2662 1459 2705 sepulchris.
