1885 3284
267 320 406 352 BPtsT.
449 322 503 351 DE
539 322 704 352 SEPTEM
742 323 879 354 ΡΕἸἸΤ.
923 323 965 351 ΙΝ
1008 320 1142 350 PATER
1181 320 1362 350 Nos'rER.
1447 306 1531 351 165

168 385 243 432 dat
266 385 374 432 illud
407 398 538 450 atque
567 388 798 451 purificat,
837 399 879 433 et
914 386 1037 432 illum
1077 385 1322 430 interiorem
1352 385 1528 430 oculum

167 457 414 516 cognitione
439 458 558 504 verbi
581 459 652 504 Dei
675 497 684 512 ,
706 460 829 523 quasi
855 456 1044 522 quodam
1067 455 1252 518 collyrio
1279 472 1431 500 sanans
1448 493 1457 509 ‚
1481 473 1530 500 eo

168 528 580 590 usqueluminosum
605 529 762 584 efficit,
783 540 830 574 ut
859 528 910 573 ad
938 527 1109 573 deitatis
1128 527 1262 588 ipsius
1284 525 1527 571 claritatem

164 600 547 663 contemplandam
564 602 788 664 prospicax
807 601 1071 646 fiatAEontra
1092 597 1247 643 vitium
1269 597 1403 656 igitur
1417 596 1532 657 gulae

165 669 404 716 remedium
430 672 671 734 opponitur
693 672 868 734 spiritus
900 670 937 731 (i
960 690 967 721 t
994 667 1289 728 intelligentiae
1308 705 1317 722 ,
1357 684 1402 712 ex
1445 682 1533 730 quo

164 741 358 787 nascitur
379 743 522 787 cordis
545 742 772 788 munditia.
810 740 1027 788 Munditia
1052 756 1152 785 vero
1171 738 1530 784 cordisvisionem

164 809 547 874 Deipromeretur,
565 813 677 858 sicut
699 815 910 875 scriptum
932 821 1021 856 est:
1040 809 1191 855 «Beati
1213 807 1364 854 mundi
1379 807 1528 861 corde,

167 902 188 923 ›>
210 883 419 946 quoniam
441 883 524 947 ipsi
550 886 686 928 Deum
712 881 974 929 videbunt1.
1003 905 1020 921 »

231 954 285 999 X.
323 954 517 1017 Septima
539 954 690 1017 petitio
713 965 775 999 est
797 963 949 1000 contra
974 951 1186 998 luxuriam
1202 987 1212 1004 ‚
1238 967 1323 1013 qua
1342 949 1533 994 dicitur:

167 1044 188 1064 «
211 1023 371 1070 Libera
386 1041 463 1070 nos
487 1041 507 1068 a
531 1024 661 1070 malo.
687 1046 706 1066 »
732 1024 1050 1070 Convenienter
1071 1038 1172 1066 sane
1190 1019 1537 1066 servusliberta-

166 1104 251 1139 tem
270 1094 397 1158 petit,
419 1105 460 1140 et
476 1094 573 1140 ideo
598 1095 704 1140 huic
729 1094 929 1158 petitioni
948 1093 1079 1139 datur
1097 1092 1275 1154 spiritus
1291 1089 1532 1153 sapientire,

165 1164 241 1228 qui
264 1165 460 1211 amissam
488 1165 717 1228 captivatis
749 1164 818 1227 (ρ)
842 1164 1085 1209 libertatem
1112 1161 1309 1207 restituat
1328 1163 1532 1219 etjugum

162 1235 329 1298 iuiquae
352 1235 642 1281 damnationis
658 1235 827 1281 evadat.
861 1235 1080 1297 Sapientia
1117 1249 1303 1295 namque
1337 1249 1359 1275 a
1383 1246 1537 1293 sapore

165 1304 345 1362 dicitur,
368 1323 469 1352 curn
492 1324 608 1352 mens
637 1318 763 1366 gustu
791 1317 967 1351 aeternae
998 1303 1243 1350 dulcedinis
1266 1312 1404 1347 tracta
1430 1301 1496 1363 (ὶᾶ)
1519 1338 1530 1351 ,

159 1380 254 1436 jam
274 1394 316 1422 se
331 1394 406 1440 per
422 1377 682 1423 desiderium
708 1376 875 1436 colligit
906 1377 1022 1421 intus
1041 1413 1051 1427 ,
1077 1392 1155 1420 nec
1179 1373 1282 1418 foris
1309 1373 1355 1418 in
1396 1373 1537 1417 carnis

164 1447 391 1511 voluptate
414 1449 625 1493 enerviter
654 1448 920 1493 dissolvitur.
959 1446 1149 1509 Spiritus
1184 1462 1285 1504 ergo
1311 1443 1536 1506 sapientiae

163 1533 239 1564 cor
257 1534 334 1563 sua
350 1517 582 1563 dulcedine
602 1529 778 1578 tangens
792 1553 803 1573 ,
833 1527 876 1561 et
886 1516 990 1561 foris
1007 1514 1375 1578 concupiscentiae
1399 1511 1531 1557 ardo-

163 1604 253 1634 rem
275 1598 505 1651 temperat,
538 1598 605 1640 ct,
633 1588 774 1650 sopita
799 1586 1156 1648 concupiscentia
1179 1622 1188 1638 ,
1232 1584 1348 1628 intus
1382 1599 1532 1646 pacem

164 1669 308 1713 creat,
335 1670 549 1722 quatenus
572 1658 679 1703 dum
698 1675 817 1702 mens
843 1668 929 1702 tota
970 1656 1023 1700 ad
1065 1657 1284 1700 internum
1324 1652 1534 1713 gaudium

164 1728 400 1789 colligitur.
430 1728 557 1792 plane
589 1745 638 1772 ac
665 1726 853 1790 perfecte
878 1726 1014 1771 homo
1036 1725 1089 1770 ad
1108 1724 1338 1784 imaginem
1366 1724 1438 1767 Dei
1464 1739 1531 1767 re-

163 1797 392 1851 formetur,
421 1799 530 1844 sicut
550 1799 765 1861 scriptum
791 1807 852 1841 est
875 1814 885 1840 :
907 1796 1058 1840 «Beati
1082 1795 1256 1857 pacifici
1282 1830 1292 1847 ‚
1324 1792 1533 1856 quoniam

164 1869 282 1932 »ipsi
305 1868 383 1914 filii
406 1869 476 1914 Dei
505 1866 824 1913 vocabuntur2.
854 1889 872 1906 »
909 1865 1041 1921 Quod
1065 1865 1193 1909 nobis
1216 1865 1307 1926 ipse
1332 1873 1535 1926 praestare

164 1939 390 2000 dignetur,
413 1940 487 2002 qui
514 1939 600 1984 hoc
620 1937 832 2001 praecepit
860 1937 1072 1981 Dominus
1089 1945 1230 1980 noster
1244 1938 1364 1979 Jesus
1387 1932 1537 1978 Chris-

166 2021 257 2068 tus,
283 2011 470 2075 quicum
496 2011 623 2055 Patre
641 2019 682 2054 et
701 2008 872 2071 Spiritu
888 2017 1038 2052 sancto
1062 2007 1168 2051 vivit
1188 2016 1228 2050 et
1254 2015 1402 2065 regnat
1424 2005 1535 2048 Deus

162 2098 243 2144 per
259 2081 404 2126 omnia
421 2079 578 2125 saecula
604 2079 882 2124 saeculorum.
920 2083 1073 2122 Amen.

213 2196 225 2217 ¹
243 2194 363 2228 Maith.
382 2207 414 2233 V,
437 2196 467 2225 8.
483 2212 526 2218 —
544 2192 658 2225 21bid.
677 2205 709 2234 9.

213 2267 359 2312 (1)Cod.
380 2268 512 2299 scilicet.
533 2283 578 2289 —
596 2265 647 2311 (α)
659 2266 706 2297 Id.
725 2266 806 2297 male
821 2265 902 2307 qnia
919 2265 1048 2294 mittam
1071 2261 1261 2304 captivatio.
1276 2277 1321 2283 —
1334 2258 1384 2303 (3)
1400 2258 1447 2290 Id.
1464 2258 1545 2289 male

167 2333 316 2356 tractate.
