1868 3301
393 257 524 288 LlBER
556 262 617 286 Μ.
650 262 851 293 muamus
886 259 1174 299 viatorium,
1212 259 1307 289 me.
1446 245 1533 289 502

175 335 270 364 mus
305 321 347 363 in
381 322 590 364 civitatem
613 357 621 371 ‚
659 334 699 365 ct
736 326 925 366 vonimus
977 325 1028 366 ad
1064 325 1257 366 abbatem
1296 323 1504 366 Joannem
1526 341 1537 373 ;

175 387 331 429 deinde
347 388 560 437 sedendo,
591 391 795 445 coepimus
819 390 929 447 loqui
955 391 1005 431 de
1028 390 1358 446 visio11e,'quam
1380 390 1542 432 viderat

173 450 216 492 in
233 452 440 495 *Oratione
464 455 629 497 stando.
662 454 837 497 Dicebat
854 463 895 497 et
921 457 973 497 de
996 455 1147 496 abbate
1175 454 1297 510 Sisoy
1323 454 1404 509 (ι),
1429 455 1542 510 quod

171 516 252 558 nisi
271 518 362 559 ,cito
389 532 538 561 manus
562 520 810 576 deponeret,
834 520 1004 577 quando
1027 518 1162 560 stabat
1184 515 1239 560 ¹ad
1263 519 1511 561 Orationem
1530 550 1541 567 ,

173 582 226 624 ad
260 584 475 642 superiora
512 585 755 642 rapiebatur
790 600 910 627 mens
944 583 1048 641 ejus.
1084 581 1128 625 Si
1148 598 1247 640 ergo
1272 583 1545 640 contingebat

171 648 334 706 aliquos
355 651 505 694 fratres
527 667 624 694 cum
643 666 694 694 eo
712 666 784 694 ora
793 667 859 701 re,
879 651 1104 694 festinabat
1122 649 1208 692 cito
1230 649 1440 707 deponere
1456 664 1545 692 ma-

170 729 249 758 nus
285 731 407 765 suas,
445 733 498 760 ne
529 726 751 776 raperetur
788 733 906 761 mens
927 718 1016 774 ejus
1056 717 1098 758 in
1127 715 1342 759 Oratione.
1366 716 1544 758 Dicebat

169 781 296 826 etiam
326 784 430 827 alius
451 798 601 837 senex,
625 782 731 842 quia
756 785 921 827 assidua
943 783 1089 828 Oratio
1110 783 1196 825 cito
1218 781 1392 839 corrigit
1415 796 1535 824 men-

170 855 268 891 tem.
295 849 505 896 Dicebant
519 851 694 907 quidam
718 860 962 893 sanctorum
984 850 1161 893 ¹Patrum
1176 881 1186 897 ,
1210 848 1306 904 quia
1330 848 1438 890 sicut
1462 848 1542 889 im·-

167 913 365 970 possibile
387 927 471 965 est,
498 924 544 957 ut
566 915 659 972 quis
680 915 820 958 videat
842 916 883 958 in
908 930 1013 972 aqua
1033 914 1202 956 turbida
1225 912 1376 956 sac-iem
1397 926 1540 963 suam,

167 979 228 1022 sic
251 988 293 1022 et
314 980 449 1023 anima
465 1014 474 1029 ,
505 981 583 1023 nisi
617 990 791 1038 purgata
819 981 946 1023 suerit
980 996 999 1021 a
1029 979 1214 1037 peccatis
1230 1011 1240 1027 ‚
1264 977 1544 1035 contemplari

164 1044 303 1087 Deum
324 1061 409 1087 non
436 1054 587 1103 potest.
614 1045 804 1095 Audisti,
826 1046 974 1092 Mater,
1001 1046 1117 1102 quod
1151 1045 1277 1087 abbas
1299 1042 1439 1100 Sisoy,
1465 1042 1545 1085 nisi

165 1110 250 1153 cito
283 1111 517 1154 dimitteret
554 1126 704 1153 manus
740 1127 834 1153 suas
850 1145 859 1159 ‚
905 1112 1148 1169 rapiebatur
1184 1108 1544 1166 contemplatione

165 1175 392 1220 Orationis.
422 1178 564 1229 Quare
581 1177 854 1233 rapiebatur?
877 1177 968 1223 sine
991 1176 1122 1219 dubio
1146 1176 1244 1232 quia
1264 1174 1545 1216 mortificatus

163 1250 267 1285 erat.
294 1242 452 1285 Audiat
471 1257 570 1300 ergo
586 1274 597 1291 ,
622 1256 740 1299 rogo,
768 1238 938 1285 dilectio
960 1251 1056 1291 tua,
1083 1242 1207 1298 quale
1230 1240 1416 1282 studium
1441 1240 1544 1281 Pau-

162 1309 227 1351 lus
249 1309 486 1351 monachus
509 1308 658 1362 habuit
677 1308 845 1357 orandi,
876 1309 992 1364 quod
1014 1308 1056 1349 in
1079 1306 1365 1349 ecclesiastica
1387 1305 1535 1354 Histo-

160 1372 220 1416 ria
237 1374 441 1431 scriptum
464 1372 764 1416 habetur.Fuit
786 1373 862 1428 iste
884 1373 1038 1416 Paulus
1058 1373 1110 1414 de
1130 1371 1263 1430 Lnybia
1294 1371 1335 1412 in
1373 1369 1531 1412 Scetim

161 1454 248 1481 non
269 1440 408 1481 minus
431 1439 682 1496 quingentos
707 1438 938 1480 monachos
960 1438 1120 1480 hahens
1135 1470 1145 1486 ,
1170 1436 1242 1493 qui
1266 1435 1373 1477 nihil
1392 1449 1541 1491 opera-

160 1504 302 1550 batur,
338 1505 417 1547 nisi
455 1512 619 1546 tantum
652 1505 769 1559 quod
800 1504 851 1544 ad
876 1518 994 1544 esum
1024 1502 1103 1543 sibi
1125 1501 1354 1543 sufficeret.
1380 1499 1542 1542 Orabat

160 1577 301 1612 autem
333 1570 627 1616 solummodo,
663 1576 705 1617 et
735 1567 862 1609 veluti
897 1566 1111 1626 quoddam
1144 1566 1350 1608 tributum
1379 1566 1540 1607 habens

159 1635 239 1677 sibi
260 1634 522 1692 impositum,
547 1639 758 1675 trecentas
776 1630 1015 1680 Orationes,
1035 1632 1076 1673 id
1095 1639 1157 1673 est
1170 1648 1186 1669 (ι
1201 1631 1324 1672 Pater
1340 1637 1497 1679 noster,
1511 1648 1525 1669 n

158 1705 410 1758 unaquaque
430 1700 497 1742 die
513 1699 604 1741 Deo
625 1697 847 1746 reddebat,
869 1707 909 1740 et
926 1713 979 1740 ne
998 1711 1127 1739 unam
1151 1696 1384 1738 dimitteret
1405 1694 1535 1744 forte,

157 1775 372 1810 trecentos
391 1766 558 1824 ‘lapillos
582 1764 624 1806 in
650 1764 744 1806 sinu
767 1779 842 1806 suo
866 1764 1067 1821 ponebat,
1092 1771 1133 1805 et
1157 1776 1233 1819 pro
1257 1760 1535 1818 singulaOra-

157 1832 274 1875 tione
303 1831 516 1890 perfecta,
545 1829 730 1887 lapidem
769 1829 820 1870 de
855 1828 950 1870 sinu
973 1843 1048 1871 suo
1067 1827 1344 1875 extrahebat;
1377 1841 1537 1883 expen-

157 1897 212 1940 sis
230 1897 290 1954 (2)
315 1912 416 1940 vero
447 1895 675 1953 lapidibus,
710 1893 935 1937 Orationes
969 1894 1130 1936 sciebat
1165 1908 1254 1935 esse
1291 1894 1532 1949 completas.

156 1963 344 2006 Multum
384 1956 623 2020 igitur'nos
666 1959 1144 2007 debemushumiliari,
1176 1959 1248 2016 qui
1278 1967 1320 2001 et
1340 1959 1464 2015 longe
1486 1958 1537 2000 ab

152 2029 328 2073 ‘illorum
350 2028 534 2077 meritis,
560 2041 744 2084 quorum
768 2026 959 2084 superius
981 2025 1142 2068 mentio
1163 2024 1272 2067 facta
1295 2031 1384 2073 est,
1409 2022 1539 2065 dista-

154 2109 279 2146 mus,
307 2101 349 2137 et
370 2093 433 2137 sic
456 2091 641 2151 prompti
667 2091 983 2135 adorationem
1006 2090 1264 2140 faciendam,
1293 2097 1339 2131 ut
1368 2088 1427 2130 illi
1453 2088 1533 2145 (5),

154 2174 242 2202 non
266 2174 425 2203 sumus.
459 2158 606 2202 Oratio
623 2157 735 2199 enim
759 2156 906 2214 juncta
931 2153 1250 2214 compunctioni
1271 2169 1431 2211 magnae
1448 2153 1536 2195 vir-

156 2225 258 2269 t'u'tis
287 2233 363 2268 est.
389 2224 497 2269 Volo
534 2237 707 2280 quoque
728 2223 783 2264 n't
820 2223 997 2265 solerter
1026 2221 1240 2269 attendas,
1275 2220 1390 2275 quod
1409 2217 1532 2260 Jesus

157 2290 350 2335 Christus
388 2304 436 2333 ac
472 2289 664 2332 Salvator
696 2287 858 2340 noster,
901 2289 1045 2331 volens
1078 2302 1229 2336 orare,
1267 2284 1457 2327 ascendit
1490 2285 1533 2325 'in

153 2361 359 2399 montem.
383 2355 487 2399 'Ideo
515 2353 639 2397 Jesus
670 2362 868 2396 oraturus
900 2354 942 2396 in
965 2361 1157 2396 montem
1182 2350 1370 2405 ascendit
1385 2382 1396 2398 ,
1419 2356 1466 2391 ut
1490 2356 1536 2391 tu

155 2423 318 2481 orando
353 2422 398 2464 in
439 2428 629 2464 montem
667 2420 927 2463 conscendas
976 2419 1208 2461 coelestem.
1256 2412 1532 2474 Nequaquam

203 2543 253 2586 (ι)
282 2545 417 2576 Sanctus
443 2540 535 2584 Sisoy
558 2546 613 2572 aut
641 2539 729 2571 Sisoc
757 2540 790 2570 iu
810 2538 934 2570 desem)
949 2541 1064 2571 Secum
1082 2543 1223 2570 ‹nm-tum
1243 2543 1289 2568 cst
1317 2547 1366 2566 an.
1387 2540 1463 2573 4⁹9·
1486 2551 1526 2555 -—

156 2598 206 2644 (2)
225 2599 306 2633 eod.
320 2597 489 2640 expansis.
511 2614 557 2623 —
570 2593 622 2640 (3)
640 2595 690 2629 Id.
711 2596 790 2627 male
806 2595 910 2628 miles.
