1868 3301
297 302 426 337 LIBER
464 302 517 334 DE
556 303 757 334 OMNIBUS
792 302 1086 343 vln'ru'rlnus,
1128 303 1219 335 ETC.
1372 287 1451 352 491

645 498 820 542 CAPUT
851 498 921 541 VI.

492 628 552 668 De
586 628 838 669 Continentia
876 632 1064 670 vestium.

159 811 375 857 ScuTQuss
408 807 624 850 beatitudo
650 816 719 850 tua
736 840 746 859 ‚
771 823 795 850 ο
825 810 1095 853 sanctissima
1118 811 1264 860 Mater,
1296 813 1409 868 quod
1431 820 1472 853 et

101 879 141 920 in
166 873 425 919 vestimentis
443 872 493 915 sit
512 873 781 915 Continentia
807 875 923 916 valde
939 877 1183 918 necessaria.
1203 878 1310 918 Sunt
1327 876 1465 925 multi,

100 943 169 1000 qui
194 948 340 998 putant
367 939 480 995 quod
519 939 729 995 appetitus
765 940 1043 996 pretiosarum
1079 943 1254 983 vestium
1290 941 1376 998 ipse
1403 940 1463 994 (ι)

100 1006 306 1050 Dominus
333 1005 542 1046 laudasset
570 1004 712 1046 dicens
739 1019 781 1045 :a
809 1004 922 1055 Quid
942 1006 1082 1048 existis
1110 1007 1150 1047 in
1179 1008 1391 1048 desertum
1415 1005 1475 1046 vi-

103 1070 260 1115 ndere?
291 1069 508 1112 hominem
533 1069 728 1111 mollibus
768 1071 995 1112 vestitum?
1030 1072 1139 1113 Ecce
1167 1072 1238 1128 qui
1276 1071 1474 1113 mollibus

103 1137 369 1180 »vestiuntur
388 1135 430 1177 in
452 1134 646 1177 domibus
670 1150 816 1192 regum
836 1136 972 1178 sunt¹.
997 1155 1012 1176 n
1038 1136 1222 1179 Joannes
1244 1152 1343 1194 ergo
1367 1137 1474 1179 mol-

103 1204 214 1246 libus
237 1201 434 1244 vestitum
459 1216 550 1242 esse
572 1209 767 1258 negatur,
799 1202 896 1258 quia
922 1202 1119 1244 mollibus
1150 1203 1385 1244 vestiuntur
1406 1203 1475 1258 qui

105 1268 236 1325 magis
253 1275 421 1309 terreno
452 1266 537 1323 regi
568 1267 773 1314 serviunt,
806 1282 930 1323 quam
954 1268 1126 1309 coelesti.
1154 1267 1337 1310 Joannes
1365 1268 1476 1309 enim

105 1335 266 1393 primus
290 1332 394 1374 Novi
416 1331 674 1374 Testamenti
699 1333 933 1374 monachus
960 1333 1068 1380 fuit;
1104 1333 1196 1390 pilis
1217 1334 1474 1375 camelorum

106 1400 278 1441 indutus
297 1396 421 1438 fuisse
439 1395 604 1453 legitur.
633 1395 676 1438 Si
701 1396 768 1438 ille
786 1397 855 1452 qui
878 1396 918 1438 in
942 1405 1061 1439 utero
1080 1398 1223 1439 matris
1244 1396 1477 1439 sanctifica·

107 1473 174 1506 tus
194 1462 271 1505 fuit
288 1494 298 1511 ,
322 1469 364 1503 et
381 1462 470 1503 Deo
491 1459 670 1503 multum
691 1462 879 1503 amabilis
897 1470 1021 1517 atque
1038 1463 1216 1504 dilectus
1233 1462 1387 1511 extitit,
1407 1462 1478 1518 qui

106 1530 183 1572 suit
204 1544 327 1571 verus
350 1527 554 1584 propheta
571 1558 580 1573 ,
604 1527 730 1568 etiam
763 1535 805 1569 et
826 1529 920 1584 plus
948 1541 1075 1584 quam
1105 1528 1308 1584 propheta
1326 1527 1359 1575 ²,
1386 1528 1479 1585 pilis

107 1596 367 1639 camelorum
388 1592 467 1634 fuit
494 1591 691 1638 indutus,
719 1607 795 1633 nos
823 1592 892 1647 qui
918 1600 1162 1649 peccatores
1190 1607 1336 1634 sumus
1358 1601 1399 1634 et
1421 1593 1481 1634 in-

108 1659 244 1708 firmi,
279 1665 436 1715 quanto
471 1657 601 1713 magis
640 1657 843 1698 debemus
873 1657 1024 1698 vilibus
1057 1658 1240 1698 vestibus
1272 1672 1362 1698 esse
1385 1672 1481 1699 con-

109 1725 228 1768 tenti.
262 1724 394 1766 Nemo
420 1736 602 1778 namque
630 1722 807 1778 pretiosa
839 1722 1110 1772 vestimenta,
1140 1722 1218 1763 nisi
1242 1723 1292 1763 ad
1314 1723 1482 1764 inanem

110 1789 284 1849 gloriam
309 1786 470 1845 quaerit‘
506 1787 757 1829 Peccatores
785 1788 897 1829 enim
920 1803 1085 1835 sumus,
1117 1796 1159 1828 et
1189 1787 1282 1829 ideo
1304 1788 1482 1844 pretiosa

112 1855 358 1897 vestimenta
382 1866 569 1908 quaerere
593 1866 678 1892 non
699 1851 926 1900 debemus3
965 1853 1038 1894 sed
1065 1852 1193 1909 magis
1235 1860 1481 1894 ornamenta

112 1918 265 1963 mentis
299 1931 487 1974 quaerere
525 1916 744 1964 debemus,
780 1932 903 1972 quam
933 1917 1132 1973 corporis.
1177 1917 1486 1959 Ornamentum

112 1983 266 2028 mentis
284 1991 345 2025 est
365 1981 562 2031 charitas,
585 1980 704 2028 fides,
736 1982 967 2030 modestia,
993 1981 1229 2030 humilitas,
1255 1982 1420 2024 bonitas
1446 1990 1487 2023 et

114 2048 366 2107 benignitas.
399 2046 461 2088 De
502 2045 566 2087 his
603 2061 784 2102 namque
819 2047 1046 2088 virtutibus
1076 2055 1250 2088 ornatur
1287 2048 1375 2089 sine
1404 2047 1486 2089 fine

115 2130 233 2158 mens
254 2113 440 2155 humana
462 2124 560 2152 cum
584 2111 671 2152 Deo
698 2111 871 2153 victura.
891 2112 998 2153 Caro
1022 2112 1157 2160 enim,
1178 2112 1366 2169 quamvis
1389 2128 1487 2170 pre-

116 2180 232 2224 tiosis
256 2177 439 2220 vestibus
457 2176 741 2233 cooperiatur,
763 2178 950 2233 quamvis
974 2178 1187 2235 operiatur
1211 2193 1310 2220 auro
1327 2211 1336 2226 ‚
1363 2187 1405 2220 et
1429 2193 1489 2220 ar-

117 2250 241 2305 gento
274 2251 471 2290 ornetur,
510 2242 614 2284 nihil
650 2242 763 2284 aliud
795 2252 857 2286 est
884 2258 1008 2299 quam
1034 2259 1159 2292 caro,
1193 2252 1233 2286 et
1261 2247 1421 2296 lutum,
1444 2253 1486 2286 et

119 2311 274 2371 pulvis,
297 2319 339 2352 et
361 2318 535 2352 stercus.
563 2307 832 2366 Quapropter
854 2324 936 2351 non
959 2324 1213 2367 magnopere
1233 2312 1284 2352 de
1306 2310 1489 2352 vestibus

119 2389 315 2436 procura.
353 2374 516 2430 Corpus
556 2372 671 2415 enim
701 2374 872 2416 domare
905 2375 1128 2423 debemus;
1169 2389 1253 2416 non
1291 2375 1488 2417 balneum

121 2441 299 2485 subinde
321 2439 556 2496 inquirere,
582 2452 666 2480 non
694 2447 839 2480 ornata
860 2440 1132 2487 vestimenta,
1157 2440 1253 2497 quia
1277 2440 1309 2482 si
1338 2454 1490 2497 corpus

172 2555 181 2578 ¹
201 2553 320 2587 Maub.
339 2563 386 2592 xi,
408 2553 500 2587 8,-
517 2549 533 2573 ²
548 2553 628 2586 Luc.
646 2562 708 2590 vu,
728 2553 782 2582 26.

171 2649 222 2695 (x)
242 2648 322 2684 Cod.
343 2648 425 2683 male
444 2650 503 2682 sui.
