1885 3284
144 379 287 411 SERMO
323 379 426 418 XCV,
466 379 519 409 DE
558 377 932 410 RECONclmANnis
965 378 1311 410 POENITE-Nrtncs
1349 385 1376 412 1.
1430 384 1512 434 117

142 463 240 494 rum
260 444 460 490 dolorum
492 454 743 508 amputator
781 445 849 508 (ι)
867 482 878 501 ,
916 454 958 491 ct
985 443 1211 491 tribulatio
1235 446 1420 494 salubris
1439 487 1449 505 ‚
1477 463 1519 496 ct

142 516 286 564 brevis
307 512 551 560 amaritudo
573 524 778 561 aeternam
793 515 1071 562 dulcedinem
1087 532 1364 580 comparans,
1388 536 1520 582 poena

143 588 332 635 liberans
355 603 378 631 a
400 585 570 649 poeni5‚
597 596 639 631 et
657 603 761 633 cura
788 598 924 633 mater
946 587 1203 634 securitatis.
1238 588 1390 635 Noluit
1407 591 1521 637 enim

149 661 264 706 Deus
284 656 526 703 misericors
550 668 731 704 mortem
753 659 995 723 peccatoris
1011 693 1022 714 ‚
1067 670 1285 722 quantum
1309 671 1356 706 ut
1379 679 1526 708 rever-

149 740 269 776 tatur
287 740 330 774 et
352 727 583 783 vivat1;et
606 746 754 776 rursus
777 729 1072 789 noluitjudcx
1093 733 1237 790 justus
1258 732 1528 796 impunitum

150 817 237 846 esse
256 809 504 863 peccatum.
534 799 670 845 Punit
688 818 788 861 ergo
814 818 855 846 se
870 800 1090 865 poenitens
1108 837 1118 856 ‚
1143 812 1184 847 et
1212 803 1293 848 Dei
1320 805 1532 866 praevenit

150 887 348 926 manum,
370 870 695 917 utsubventura
717 872 889 929 veniat,
913 889 1012 936 quae
1029 871 1285 918 damnatura
1307 874 1524 922 veniebat.

152 941 240 999 Qui
263 941 528 988 conterendo
556 942 758 1005 spiritum
787 960 913 989 suum
937 944 981 989 in
1012 943 1137 990 luctu
1163 955 1204 990 ct
1228 944 1391 1005 gemitu
1409 983 1420 1000 ‚
1448 945 1531 991 do-

150 1012 241 1059 lore
264 1029 314 1058 ac
337 1012 544 1076 lacrymis
562 1049 573 1069 ,
615 1013 670 1059 de
709 1031 751 1059 se
774 1015 853 1060 has
875 1025 1156 1078 peccatorum
1190 1032 1364 1062 suorum
1406 1017 1532 1076 exigit

151 1100 332 1147 poenas,
375 1084 464 1130 Deo
494 1083 638 1144 judici
657 1085 775 1148 quod
799 1086 939 1146 exigat
965 1103 1053 1131 non
1079 1086 1314 1150 relinquit,
1340 1098 1381 1133 et
1416 1088 1531 1151 patri

149 1154 269 1219 quod
289 1155 423 1201 donet
449 1156 625 1220 exponit
647 1157 734 1218 (2).
766 1157 880 1203 Hinc
899 1160 992 1217 jam
1014 1157 1175 1222 incipit
1199 1162 1369 1222 operari
1393 1161 1529 1219 justi-

149 1226 253 1272 tiam
272 1263 284 1282 ,
311 1227 414 1290 quia
436 1243 479 1272 se
504 1226 598 1273 odit
617 1228 822 1291 primitus
841 1238 1134 1292 peccatorem.
1168 1229 1395 1276 Consentit
1417 1231 1523 1287 Deo,

151 1296 258 1342 dum
278 1297 375 1342 talis
398 1297 482 1343 sibi
505 1297 730 1361 displicet,
760 1299 902 1363 qualis
925 1310 966 1345 et
985 1298 1046 1345 illi
1078 1299 1294 1363 displicet.
1322 1302 1378 1346 Et
1395 1318 1526 1365 quam

151 1384 306 1431 parum
326 1378 413 1424 est,
438 1367 557 1431 quod
570 1369 651 1415 sibi
670 1369 825 1430 ingerit
842 1380 1153 1416 tormentorum
1173 1371 1182 1417 l
1210 1371 1292 1417 sibi
1315 1372 1528 1428 irascitur,

151 1455 281 1501 seque
299 1438 443 1501 ipsum
468 1438 688 1484 excruciat
719 1439 992 1503 poenitendo.
1030 1441 1128 1487 Hoc
1154 1441 1268 1486 enim
1303 1443 1409 1504 quid
1434 1453 1496 1488 cst
1518 1478 1528 1497 ‚

151 1519 365 1573 quantum
389 1519 480 1565 est,
509 1510 542 1554 si
568 1510 739 1555 aeternis
765 1511 942 1570 ignibus
981 1515 1296 1574 compareturIJ
1337 1513 1528 1559 Tantum

153 1590 296 1626 tamen
321 1580 437 1626 valet
457 1581 503 1626 in
535 1591 730 1645 tempore
768 1593 1022 1645 opportuno
1042 1619 1053 1637 ,
1098 1593 1196 1627 ante
1229 1599 1361 1646 quam
1387 1586 1531 1630 veniat

153 1650 244 1697 dies
262 1651 340 1697 irae
361 1661 403 1696 et
422 1651 815 1713 revelatioiiisjusti
832 1653 993 1713 J'udicii
1017 1654 1093 1699 Dei
1113 1691 1123 1707 ‚
1152 1655 1186 1699 si
1212 1666 1416 1717 peccator
1446 1656 1528 1701 sibi

152 1721 237 1786 ipsi
262 1721 493 1778 irascatur,
523 1723 557 1768 si
583 1723 791 1787 seipsum
824 1724 1053 1770 doloribus
1082 1725 1383 1788 poenitentiae,
1429 1737 1529 1771 tan-

155 1809 288 1856 quam
304 1793 350 1838 in
369 1803 530 1838 catasta
549 1794 826 1839 conscientiae
846 1795 1039 1840 confixus
1056 1832 1065 1850 ,
1093 1796 1336 1852 excruciet,
1361 1807 1410 1842 ut
1440 1814 1527 1842 non

155 1863 295 1910 solum
327 1866 446 1909 Deus
469 1863 630 1909 talibus
659 1864 778 1910 nulla
815 1864 1117 1925 indignatione
1149 1878 1426 1923 succenseat,
1457 1867 1529 1913 scd

155 1933 283 1980 etiam
306 1934 491 1994 gaudeat
513 1935 702 1998 amplius
723 1934 776 1980 de
793 1953 880 1981 uno
899 1936 1143 2000 poenitente
1164 1973 1174 1992 ‚
1206 1953 1338 2000 quam
1364 1937 1418 1983 dc
1446 1955 1531 1983 no·-

156 2006 332 2066 naginta
352 2023 505 2053 novem
525 2007 652 2067 justis
671 2045 680 2063 ‚
703 2007 868 2071 quibus
887 2024 974 2053 non
997 2018 1058 2054 est
1078 2025 1190 2072 opus
1225 2009 1525 2072 poenitentia?

158 2078 302 2122 Tanto
334 2077 450 2122 enim
495 2077 750 2124 clementius
787 2079 1100 2142 poenitentium
1131 2090 1297 2125 reatum
1343 2080 1529 2136 relaxat,

159 2158 325 2211 quanto
349 2149 583 2212 patientius
622 2149 944 2195 damnationem
971 2151 1249 2213 peccantium
1277 2150 1523 2199 differebat.

160 2221 271 2267 Nam
300 2232 532 2285 propterea
563 2245 578 2261 <c
599 2223 718 2267 Facit
747 2221 876 2268 solem
895 2239 1019 2268 suurn
1051 2222 1153 2268 oriri
1177 2239 1307 2287 super
1329 2223 1469 2269 bonos
1491 2234 1533 2269 et

159 2314 176 2333 »ι
193 2291 329 2338 malos
346 2330 358 2350 ‚
381 2304 423 2338 et
443 2293 557 2356 pluit
581 2310 710 2358 super
730 2298 871 2354 justos
894 2304 936 2339 ct
959 2294 1140 2353 injustos
1157 2293 1194 2350 3,
1220 2316 1239 2336 »
1261 2305 1310 2342 ut
1329 2294 1434 2340 dum
1453 2295 1532 2341 bo-

158 2364 226 2410 nis
247 2381 335 2410 non
361 2364 510 2411 deficit
531 2365 798 2418 miserando,
827 2365 930 2412 mali
958 2366 1218 2412 crubescant
1255 2382 1535 2432 perseverare

161 2435 402 2501 peccando,

227 2508 284 2554 ll.
320 2507 541 2563 Proinde,
579 2508 835 2557 venerabilis
868 2510 1015 2574 Papaj
1052 2526 1153 2556 ecce
1191 2526 1275 2557 uon
1314 2510 1454 2557 solum
1496 2511 1539 2560 ’Ξιῑ

211 2641 221 2666 ⁸
244 2639 346 2675 Ezech
376 2651 494 2685 xxxxix,
519 2652 568 2675 ιι.
595 2660 632 2668 ω
649 2640 664 2664 ‘²
679 2642 905 2682 Manlum-11¹,
929 2644 981 2677 13.
1001 2661 1047 2670 -ι
1065 2640 1140 2677 313.
1165 2654 1193 2685 v,
1215 2647 1268 2683 ‚352

212 2721 263 2770 ξι)
284 2723 364 2759 (Σο-’1,
383 2724 464 2759 male
477 2732 674 2769 mammem.
695 2742 736 2750 -
754 2723 803 2771 (a)
821 2725 867 2762 Id.
887 2726 1035 2769 opponit,
