1885 3284
383 263 466 307 1138
633 278 668 306 s.
711 276 953 307 mensum
997 276 1198 305 emseom
1235 276 1475 307 APPEme.

370 351 409 380 et
424 342 659 394 sanguinem
670 340 781 379 dedit
798 340 979 379 Christus
994 339 1067 377 sub
1083 341 1197 391 panis
1212 349 1251 378 et
1271 342 1351 379 vini
1365 341 1506 392 figura.
1530 340 1747 380 lII.Chris-

370 413 434 442 tus
459 403 539 441 haec
559 403 739 455 symbola
759 403 960 449 adhibuit,
981 416 1029 440 ne
1051 402 1235 441 homines
1253 416 1275 440 a
1294 405 1421 441 carnis
1439 402 1664 453 sumptione
1678 402 1746 441 ab·

370 466 600 505 horrerent.
621 465 693 503 IV.
710 465 740 502 A
761 465 854 503 solis
874 464 1157 508 sacerdotibus,
1176 465 1291 503 bonis
1303 474 1372 503 ant
1388 465 1516 511 malis,
1537 466 1746 504 conficitur

371 527 641 573 Eucharistia,
670 540 759 578 quae
785 527 923 577 saepius
943 535 1103 577 propter
1122 536 1282 577 peccata
1309 536 1443 565 nostra
1478 527 1660 565 iteratur.
1694 525 1743 566 V.

366 590 485 628 Panis
505 590 631 640 specie
651 589 819 627 charitas
841 588 1159 627 commendatur.
1194 588 1266 627 Vl.
1294 588 1578 640 Unusquisque
1598 602 1638 626 se
1657 602 1744 639 pro-

365 653 433 690 bet
449 662 667 703 antequam
694 651 857 701 accipiat
878 664 1021 700 corpus
1037 649 1310 688 Domini.V11.
1329 649 1458 687 Nemo
1477 649 1634 687 accedat
1651 663 1744 688 cum

363 713 456 753 odio
476 713 526 752 ad
547 722 840 752 sacramentum
866 712 1082 750 charitatis.
1107 711 1219 749 VIII.
1256 710 1367 749 Pacis
1393 710 1685 750 commendatio
1706 721 1744 751 et

363 778 605 816 encomium.

420 934 452 974 I.
490 933 751 979 ΙΜΜΙΝΕΝΤΕ,
777 932 925 972 fratres
944 931 1205 981 charissimi,
1231 932 1398 974 Domini
1420 932 1625 989 passionis
1657 932 1743 974 cir-

362 998 483 1045 culo,
511 997 710 1053 quoniam
734 996 818 1053 jam
853 1005 943 1037 erat
980 996 1019 1036 in
1060 997 1145 1053 ipsa
1178 996 1402 1038 traditione
1439 997 1526 1053 ipse
1549 997 1660 1038 Deus
1698 1007 1740 1039 et

362 1063 508 1110 homo,
530 1063 730 1119 quiprins
756 1063 908 1119 legales
932 1062 1217 1104 observantias
1240 1061 1497 1104 etsacrificia
1521 1071 1737 1111 tenuerat,

359 1145 452 1185 quae
474 1128 614 1170 omnia
640 1128 806 1170 fuerant
839 1126 972 1184 figura
996 1128 1201 1184 passionis
1225 1138 1266 1169 et
1285 1128 1585 1169 incarnationis
1624 1128 1736 1183 ejns;

362 1210 423 1242 se,
450 1195 540 1251 ipso
563 1194 779 1244 veniente,
816 1194 951 1235 noluit
982 1195 1163 1235 liberum
1188 1194 1399 1236 dimittere
1428 1194 1477 1234 ab
1503 1194 1560 1249 (ι)
1604 1195 1740 1250 aliqua

358 1261 462 1316 lege.
492 1258 634 1300 Voluit
661 1268 801 1299 tamen
824 1258 938 1299 Deus
960 1267 1002 1299 et
1024 1258 1151 1300 homo
1174 1258 1384 1314 perfectus
1413 1272 1566 1314 agnum
1591 1256 1741 1314 figura—

361 1339 450 1366 tum
473 1325 697 1366 comedere
720 1333 762 1364 et
784 1324 1002 1364 immolare
1019 1356 1028 1371 ,
1049 1332 1090 1364 et
1115 1325 1308 1364 umbram
1329 1323 1389 1364 rei
1407 1322 1556 1364 futurae
1579 1324 1740 1365 tamdiu

358 1405 524 1431 servare
542 1424 551 1437 ,
577 1390 710 1430 donec
734 1388 968 1429 immolatio
992 1389 1054 1429 sui
1086 1387 1216 1429 fieret.
1249 1389 1396 1444 ltaque
1414 1421 1422 1433 ‚
1449 1387 1619 1435 fratres,
1644 1396 1740 1430 ante

360 1463 527 1510 tempus
562 1469 646 1495 suae
674 1453 876 1509 passionis
909 1453 1040 1494 voluit
1065 1453 1223 1494 Pascha
1259 1462 1376 1494 vetus
1400 1468 1496 1493 cum
1518 1453 1741 1509 Discipulis

358 1521 597 1567 celebrare,
627 1527 670 1560 et
688 1533 839 1574 agnum
865 1519 1106 1566 comedere,
1132 1533 1257 1574 quem
1277 1529 1417 1558 tamen
1437 1533 1650 1573 nunquam
1671 1534 1739 1560 an-

358 1594 423 1627 tea
455 1585 513 1641 (2)
542 1583 801 1625 Salvatorem
829 1583 1061 1624 comedisse
1084 1583 1353 1624 meminimus
1375 1600 1385 1630 ;
1411 1583 1561 1625 deinde
1587 1585 1741 1625 veteri-

357 1652 435 1692 bus
461 1649 602 1706 figuris
630 1648 754 1690 {idem
791 1649 902 1690 dare.
944 1649 1041 1690 Post
1075 1663 1238 1689 coenam
1279 1648 1403 1704 igitur
1435 1648 1549 1704 agni,
1584 1663 1739 1706 corpus

358 1731 480 1758 snum
505 1724 547 1757 et
563 1716 809 1772 sanguinein
844 1715 1055 1771 Apostolis
1078 1716 1162 1756 suis
1186 1715 1425 1761 distribuit;
1455 1715 1484 1755 si
1512 1714 1623 1756 enim
1649 1731 1738 1758 cor-

357 1798 435 1840 pus
457 1796 579 1823 suum
604 1782 718 1837 prius
751 1780 962 1828 dedisset,
997 1780 1149 1822 deinde
1183 1795 1337 1837 agnum
1369 1780 1618 1821 comedisset
1641 1797 1738 1823 cum

357 1846 606 1903 Discipulis,
632 1860 715 1887 non
751 1844 834 1900 jam
871 1846 930 1901 (5)
964 1845 1107 1886 fuisset
1139 1854 1255 1887 vetus
1290 1844 1448 1886 Pascha
1473 1844 1639 1887 finitnm
1664 1862 1739 1904 per

357 1926 528 1954 novum.

416 1978 465 2019 II.
504 1977 680 2032 Accepit
712 1976 853 2032 itaque
876 1991 1025 2032 panem
1050 2010 1059 2023 ‚
1088 1985 1130 2017 et
1156 1976 1389 2023 benedixit,
1417 1984 1460 2017 et
1481 1976 1597 2017 dedit
1631 1976 1732 2024 illis;

357 2043 509 2085 deinde
530 2043 718 2083 calicem.
748 2041 988 2089 Attendite,
1016 2041 1189 2087 fratres,
1224 2043 1337 2097 qnod
1366 2050 1450 2082 tota
1483 2050 1630 2082 natura
1655 2042 1733 2083 hu-

355 2123 476 2150 mana
498 2109 538 2149 in
562 2107 698 2148 anima
723 2115 764 2147 et
785 2106 826 2147 in
855 2121 1032 2163 corpore
1062 2117 1262 2163 corrupta
1287 2115 1398 2153 erat3
1436 2106 1529 2147 ideo
1564 2121 1735 2149 necesse

355 2181 466 2219 erat,
490 2181 534 2213 ut
559 2172 695 2213 anima
719 2187 793 2224 per
816 2172 1022 2218 animam,
1057 2180 1098 2213 et
1128 2187 1279 2228 corpus
1310 2187 1384 2228 per
1407 2186 1559 2227 corpus
1583 2172 1734 2214 libera-

356 2249 484 2281 retur.
510 2239 610 2280 ldeo
635 2238 759 2279 etiam
785 2238 825 2278 in
851 2238 968 2279 altari
998 2239 1049 2279 ad
1083 2243 1309 2294 utrumque
1345 2239 1732 2294 repraesentandnm

353 2319 505 2360 panem
526 2311 565 2344 et
589 2302 731 2343 vinum
752 2304 1022 2359 apponimus,
1045 2311 1090 2344 ut
1112 2318 1187 2359 per
1208 2318 1359 2359 panem
1375 2335 1384 2350 ‚
1406 2317 1558 2358 corpus
1576 2302 1730 2345 Christi

353 2369 532 2416 sactum,
551 2367 759 2409 etanobis
774 2368 899 2424 digne
922 2376 1162 2424 acceptum,
1184 2383 1338 2424 corpus
1355 2375 1547 2409 nostrum
1563 2369 1731 2425 corpori

398 2492 451 2542 (1)
474 2495 553 2527 Cod,
580 2503 615 2524 ut
637 2495 771 2525 liberam
795 2494 956 2524 dimittere
986 2495 1019 2524 in
1038 2494 1153 2536 aliqua
1170 2494 1254 2536 Iege.
1275 2512 1317 2517 —
1345 2493 1393 2536 (2)
1413 2493 1493 2526 Cod.
1515 2504 1630 2523 carnes
1644 2518 1652 2532 ‚
1671 2505 1730 2537 pro

347 2560 410 2593 qua
435 2560 515 2581 voce
532 2550 700 2591 legendnm
716 2549 799 2581 forte
816 2558 914 2580 antea
928 2573 938 2589 ,
955 2551 1016 2582 nisi
1032 2551 1116 2592 legas
1135 2551 1224 2590 cajus
1242 2558 1353 2580 tamen
1369 2561 1536 2590 nunquam
1554 2561 1730 2583 carnes.—

347 2605 397 2648 (3)
415 2605 495 2638 Cod.
517 2616 621 2638 usum.
