1868 3301
348 270 475 303 mmm
511 271 569 302 DE
605 271 806 303 ominus
840 272 1129 306 vnn-urmes,
1169 271 1263 302 me.
1404 255 1496 302 503

129 336 297 395 largitas
313 370 324 387 ,
347 345 492 381 contra
513 338 752 395 superbiam
776 339 991 382 humilitas
1004 348 1064 380 est
1084 337 1380 395 praeponenda,
1395 351 1498 378 con-

129 411 192 446 tra
213 403 358 445 odium
380 417 479 444 vero
502 403 717 445 charitatis
751 406 880 447 virtus
916 414 979 447 est
1017 404 1277 445 assumenda.
1316 402 1376 443 Dc
1417 402 1498 444 hoc

130 467 242 512 enim
265 468 497 511 certamine
518 469 670 511 Paulus
693 469 794 511 dicit
819 471 1056 528 apostolus:
1075 468 1209 509 «Caro
1239 467 1500 523 concupiscit

129 535 360 576 »adversus
379 533 571 589 spiritum
594 566 604 582 ,
623 535 794 591 spiritus
819 544 958 578 autem
981 535 1176 576 adversus
1198 547 1382 574 carnem.
1405 532 1502 573 flaec

131 598 272 641 »enim
296 598 374 640 sibi
398 598 575 641 invicem
595 601 885 649 adversantur,
908 611 953 642 ut
976 613 1058 641 non
1078 611 1356 655 quaecumque
1379 596 1501 637 vultis

131 663 231 706 »illa
253 662 453 705 saciatis¹.
470 681 486 702 ι
510 664 561 706 Et
584 673 628 705 tu
649 696 658 715 ‚
682 664 770 706 Deo
789 666 925 707 dicata
946 665 1091 711 Mater,
1113 662 1199 703 haee
1223 662 1398 717 legendo
1415 693 1425 708 ‚
1457 668 1499 702 et

130 728 347 772 memoriae
364 729 726 777 commendando,
758 732 879 773 stude
901 738 1045 773 contra
1064 727 1195 770 hostis
1213 726 1369 782 antiqui
1400 726 1500 767 insi-

132 793 221 837 dias
241 793 418 835 viriliter
438 794 654 837 dimicare.
687 794 730 836 Si
752 803 793 837 tc
812 795 1089 838 somnolentia
1117 800 1281 850 gravat,
1308 792 1428 833 stude
1449 791 1501 832 il-

130 860 215 902 lam
234 859 401 901 vincere
421 860 631 916 vigilando
652 893 662 908 ,
687 861 782 916 quia
807 859 1086 903 somnolentia
1108 872 1182 916 per
1209 856 1388 914 vigiliam
1411 857 1505 898 dos·

130 924 298 968 truitur.
343 923 387 966 Si
425 934 466 967 te
495 926 678 968 delectat
713 926 963 968 balneorum
996 940 1095 967 usus
1119 956 1129 972 ,
1166 923 1305 963 veniat
1341 921 1416 962 tibi
1450 925 1501 966 ad

130 988 378 1032 memoriam
402 989 550 1032 beatus
566 990 770 1040 Jacobus,
797 990 924 1034 frater
940 989 1126 1035 Domini,
1142 987 1212 1043 qui
1237 986 1392 1043 primus
1410 995 1502 1043 post

131 1053 355 1112 Apostolos
366 1054 756 1111 Hierosolymorum
772 1058 878 1098 rexit
891 1055 1126 1105 ecclesiam,
1139 1055 1189 1095 de
1207 1067 1289 1108 quo
1301 1052 1505 1108 Josephus

130 1127 274 1163 narrat
295 1121 409 1177 quod
432 1136 649 1177 nunquam
673 1137 821 1164 carnes
853 1122 1063 1168 comedit,
1105 1133 1183 1160 nec
1220 1118 1370 1159 balneo
1409 1134 1506 1161 usus

129 1184 231 1233 fuit,
251 1200 468 1242 nunquam
496 1186 618 1229 lineis
650 1188 835 1230 vestibus
856 1187 934 1229 suit
958 1187 1153 1231 indutus,
1187 1197 1266 1224 nec
1297 1191 1423 1239 caput
1445 1198 1506 1225 se-

131 1251 322 1294 cundum
344 1252 696 1294 consuetudinem
721 1268 805 1294 suae
828 1251 963 1309 gentis
986 1251 1081 1293 oleo
1109 1247 1240 1289 unxit.
1270 1245 1313 1288 Si
1347 1248 1507 1290 deliciae

130 1315 174 1359 in
211 1316 492 1358 delectatione
525 1318 601 1360 tibi
635 1318 870 1367 eveniunt,
899 1330 1089 1374 propone
1117 1321 1212 1355 ante
1236 1320 1328 1353 tuos
1361 1314 1507 1355 oculos

131 1378 344 1423 Joannem
372 1382 622 1440 Baptistam,
652 1383 722 1438 qui
744 1383 822 1424 suit
843 1382 885 1424 in
908 1390 1030 1424 utero
1053 1378 1196 1421 matris
1218 1391 1302 1418 suae
1318 1377 1508 1419 sanctifi-

132 1453 277 1495 catus,
304 1448 356 1488 de
378 1462 463 1504 quo
483 1447 688 1490 Dominus
710 1448 814 1490 dicit
831 1464 841 1490 :
856 1465 873 1486 ι
892 1448 1008 1489 Inter
1025 1454 1145 1487 natos
1169 1443 1396 1485 mulierum
1419 1458 1505 1486 non

131 1512 343 1554 »surrexit
362 1512 497 1568 major
517 1512 681 1556 Joanne
703 1511 936 1570 Baptista2.
958 1530 973 1550 n
1012 1511 1161 1553 Narrat
1183 1509 1236 1551 de
1261 1523 1313 1551 eo
1340 1519 1508 1552 sanctus

131 1577 391 1632 evangelista
404 1577 647 1627 Matthaeus,
673 1579 788 1633 quod
811 1578 893 1619 mel
915 1577 1115 1633 sylvestre
1137 1583 1179 1615 et
1200 1574 1383 1615 locustas
1407 1574 1509 1616 ede·

131 1643 218 1685 hat.
246 1641 288 1683 Si
312 1643 424 1684 enim
443 1643 500 1684 illi
519 1675 530 1690 ,
549 1643 622 1699 qui
644 1642 686 1684 in
705 1651 746 1684 te
769 1649 959 1698 pecccat,
984 1639 1116 1696 etqui
1137 1639 1213 1680 tibi
1236 1639 1419 1680 detrahit
1439 1648 1510 1681 aut

131 1707 375 1754 maledicit,
406 1709 470 1749 vel
494 1708 533 1748 in
558 1707 697 1763 aliquo
720 1708 857 1754 laedit,
882 1706 1099 1763 ignoscere
1127 1718 1212 1745 non
1237 1712 1376 1760 potes,
1400 1704 1510 1747 sicut

132 1773 220 1824 vis,
247 1772 417 1814 veniant
441 1773 493 1814 ad
524 1772 773 1814 memoriam
813 1780 927 1813 tuam
949 1777 1104 1827 quanta
1135 1776 1178 1809 et
1208 1768 1343 1823 qualia
1371 1784 1446 1825 pro
1470 1776 1511 1811 te

131 1853 278 1896 passus
297 1837 769 1880 sueritDominusJesus
785 1837 990 1879 Christus.
1007 1835 1087 1878 Pro
1104 1843 1143 1875 te
1155 1833 1290 1874 factus
1307 1833 1511 1877 esthomo

131 1904 323 1947 mortalis
338 1937 349 1953 ,
371 1904 660 1962 corruptibilis
682 1912 724 1946 et
748 1903 955 1961 passibilis
971 1934 981 1949 ,
1015 1902 1084 1957 qui
1108 1900 1354 1941 immortalis
1379 1909 1420 1942 et
1441 1901 1515 1942 im-

132 1969 340 2027 passibilis
358 1985 524 2027 semper
544 1978 635 2012 erat
656 1969 780 2011 Deus.
802 1966 1038 2024 Assumpsit
1054 1966 1165 2007 enim
1188 1980 1262 2021 pro
1282 1974 1321 2007 te
1339 1980 1512 2008 carnem

134 2049 185 2076 ex
212 2034 395 2091 Virgine,
421 2035 462 2076 in
484 2050 565 2091 qua
587 2043 804 2092 pateretur
825 2043 866 2075 et
888 2041 1136 2075 moreretur.
1171 2031 1250 2072 Pro
1274 2040 1315 2073 te
1343 2046 1513 2088 quoque

137 2097 373 2157 flagellatus
395 2109 457 2142 ost
475 2132 485 2148 ,
513 2100 641 2158 alapis
658 2115 810 2147 caesus,
832 2097 964 2156 sputis
991 2097 1158 2144 linitus,
1183 2096 1310 2153 spinis
1335 2112 1511 2139 corona·

133 2172 203 2207 tus
218 2197 228 2216 ‚
255 2167 307 2207 ad
329 2175 568 2208 extremum
592 2166 718 2208 etiam
742 2165 817 2206 suit
840 2163 1082 2207 crucifixus.
1100 2162 1179 2204 Pro
1203 2171 1243 2203 te
1262 2161 1349 2203 haec
1369 2163 1508 2205 omnia

136 2230 336 2274 sustinuit
356 2232 551 2274 Christus
567 2264 577 2279 ‚
601 2240 648 2274 ut
669 2240 709 2272 te
730 2247 748 2272 a
774 2231 928 2273 diaboli
953 2236 1158 2287 potestate
1184 2228 1365 2283 eriperet
1383 2245 1394 2276 ,-
1413 2244 1511 2285 prn-

138 2297 241 2339 dens
264 2297 376 2339 enim
402 2306 537 2355 prote
559 2297 599 2338 in
624 2311 752 2338 cruce
768 2330 780 2347 ,
805 2297 905 2354 quid
927 2292 1123 2338 dicebat?
1146 2293 1310 2341 aPater,
1339 2293 1511 2351 ignosce

137 2362 248 2404 »illis
270 2395 281 2412 ,
305 2363 400 2420 quia
425 2363 618 2406 nesciunt
635 2364 737 2420 quid
758 2363 917 2405 faciunt
934 2361 988 2403 ³.»
1010 2361 1085 2402 Ille
1107 2359 1233 2416 igitur
1250 2359 1318 2415 qui
1344 2360 1404 2415 (ι)
1421 2361 1509 2403 sine

135 2437 314 2487 peccato
349 2429 641 2477 occidebatur,
677 2444 754 2486 pro
782 2429 865 2471 suis
887 2426 1066 2470 inimicis
1089 2425 1308 2472 exorabat,
1336 2433 1377 2466 ct
1407 2434 1449 2466 tu
1475 2427 1506 2468 si

187 2538 197 2559 ¹
216 2537 320 2569 Galat.
336 2549 366 2576 v,
385 2549 436 2577 17.
453 2556 494 2562 —
508 2536 721 2579 ²Matth.x1,
743 2550 858 2571 11.-
876 2535 891 2560 ³
910 2540 984 2570 Luc.
1004 2545 1097 2567 uui.
1116 2537 1168 2571 Ἡ·

189 2616 235 2662 (ι)
258 2618 355 2648 Deest
370 2618 426 2658 qm'
445 2618 476 2647 in
495 2616 567 2650 cod.
