1885 3284
480 311 609 344 mmm
644 313 699 344 ni:
736 313 886 344 PUGNA
919 313 1153 345 vtrionum.
1426 300 1511 361 147

147 497 264 513 ¹⁸95»ae
270 501 322 512 vn
331 500 1514 516 ,ἋΜΜΜιιιΜΜΜΜΜΜἈιΜΜΜΜΜΜ

743 639 920 684 LIBER

560 753 631 798 De
667 754 830 815 Pugna
864 754 1109 800 vitiorum.

201 877 286 937 ¹Hic
302 886 526 927 tractatus,
552 883 623 937 qai
646 878 705 919 ad
720 878 906 920 eumdem
929 883 1166 938 scriptorem
1182 887 1386 938 pertenere
1407 879 1524 929 vide-

147 952 214 995 tur
228 958 280 984 ac
289 943 550 1001 praecedens,
573 953 615 985 et
632 947 722 999 ejus
735 960 823 986 esse
846 944 1181 1002 complementum
1203 977 1214 995 ‚
1234 943 1385 1000 legitur
1403 948 1443 985 ιή
1454 960 1523 985 eo-

146 1008 239 1051 dem
252 1010 344 1053 eod.
369 1027 434 1062 lx,
457 1011 567 1053 Plut.
584 1026 666 1054 xvu
690 1012 853 1060 dextr„
873 1011 980 1054 Βιόί.
1006 1013 1172 1054 Sanctae
1198 1010 1338 1053 CruClS
1361 1007 1526 1053 Floren-

149 1080 238 1127 ἰιω,
256 1078 334 1130 fhl.
370 1081 446 1122 135
471 1079 512 1121 b.
546 1080 644 1122 Non
674 1097 762 1122 stne
794 1080 1012 1138 voluptate
1028 1089 1245 1138 percurret
1275 1079 1418 1130 illum,
1435 1095 1520 1140 quc

149 1136 338 1189 volitent.
361 1146 548 1204 Quoesi'vc
568 1164 673 1197 eum,
696 1152 779 1190 sive
798 1148 915 1206 apud
933 1158 1120 1190 sanctum
1133 1150 1425 1206 Augustz'mzum
1444 1150 1529 1188 sive

149 1206 270 1268 alibi,
289 1230 362 1257 nee
382 1218 532 1259 invem.

698 1342 978 1386 SYNOPSIS.

204 1480 237 1518 1.
270 1478 463 1518 Diabolus
484 1478 679 1530 praecipue
703 1478 985 1528 incipientibus
1001 1477 1225 1527 insidiatur,
1245 1480 1308 1518 cui
1322 1493 1400 1518 non
1419 1480 1534 1519 cedat

152 1540 296 1581 Christi
313 1540 443 1580 miles.
460 1539 510 1579 II.
532 1539 632 1578 Tres
646 1549 740 1578 sunt
752 1540 923 1579 virtutes
937 1571 948 1589 ,
965 1554 1054 1592 quae
1068 1541 1192 1593 magis
1209 1542 1420 1580 eremiticae
1441 1543 1532 1581 vitae

149 1610 394 1656 congruunt.
407 1601 586 1642 111.vitae
604 1602 725 1653 hujus
743 1602 989 1642 encomium.
1005 1602 1082 1642 IV.
1097 1603 1290 1654 Ejusdem
1300 1604 1527 1659 argumenti

150 1665 415 1705 continuatio.
437 1664 486 1704 V.
505 1663 622 1704 Item.
646 1664 716 1704 VI.
743 1663 863 1703 Item.
885 1662 977 1703 VII.
1002 1663 1123 1706 Item.

208 1795 244 1842 Ι.
268 1793 493 1851 Qmsts
515 1793 685 1857 (igitur)
703 1793 906 1839 cellulam
923 1810 1026 1840 cum
1046 1794 1223 1841 diabolo
1238 1795 1528 1843 dimicaturus

153 1865 415 1927 ingreditur,
432 1865 535 1911 etin
562 1882 657 1910 area
680 1865 920 1928 spiritualis
942 1865 1103 1929 praelii,
1131 1865 1335 1913 ferventis
1354 1867 1518 1914 animo-

154 1937 278 1984 sitate
299 1935 493 2000 pectoris
515 1935 743 1992 incitatur,
769 1935 824 1981 ad
842 1936 930 1981 hoc
944 1946 1081 1982 totam
1102 1953 1191 1982 suae
1209 1938 1367 1984 mentis
1391 1939 1531 1985 inten-

155 2007 318 2055 tionem
337 2006 498 2068 dirigat
512 2043 523 2063 ,
545 2017 595 2052 ut
617 2006 951 2053 delectationem
976 2007 1118 2053 carnis
1133 2045 1145 2064 ‚
1167 2008 1236 2054 vel
1263 2008 1318 2054 ad
1340 2026 1533 2067 momen-

157 2089 252 2126 tum
270 2077 449 2143 quidem
469 2081 561 2138 jam
592 2078 705 2124 ultra
726 2080 812 2124 no‘n
840 2078 995 2124 sentiat
1010 2116 1020 2134 ‚
1044 2078 1117 2124 sed
1139 2079 1314 2125 sibimet
1333 2080 1461 2138 simul
1491 2091 1534 2132 et

156 2150 325 2198 mundo
350 2160 548 2195 mortuus
570 2149 705 2197 vivat.
744 2150 810 2196 Ad
832 2149 1078 2196 tolerandas
1099 2150 1247 2214 itaque
1267 2150 1533 2208 calamitates

158 2231 289 2291 atque
309 2220 497 2266 miserias
515 2219 709 2266 animum
736 2232 988 2285 praeparet,
1012 2221 1142 2266 morti
1177 2238 1219 2266 se
1246 2239 1328 2284 pro
1354 2223 1534 2278 Christo

158 2284 386 2347 devoveat,
407 2291 479 2336 div
471 2291 585 2336 ersis
604 2291 819 2338 virtutum
842 2292 934 2338 telis
951 2291 1127 2337 lumbos
1144 2292 1298 2338 mentis
1313 2293 1530 2354 accingat,

159 2363 305 2409 omnia
333 2362 508 2408 sibimet
535 2379 686 2426 aspera
709 2373 752 2409 et
783 2363 892 2409 dura
918 2374 1170 2427 proponat,
1207 2374 1256 2409 ut
1277 2373 1395 2422 cum
1413 2366 1533 2412 acci.-

159 2433 329 2489 derint,
352 2450 441 2479 non
466 2433 743 2497 improvidus
766 2435 980 2481 enerviter
998 2434 1232 2490 concidat,
1272 2434 1346 2480 sed
1387 2436 1534 2482 onmia

161 2503 596 2572 aequanimiterferat.
617 2504 752 2565 Plane
768 2506 879 2552 sicut
895 2505 1056 2567 fluvius
1074 2523 1122 2551 cx
1137 2505 1205 2551 sui
1225 2506 1354 2562 sontis
1367 2506 1535 2567 origine

162 2570 419 2638 perexiguus
442 2575 600 2631 oritur,
634 2575 709 2621 sed
744 2593 953 2640 processu
989 2576 1199 2637 longioris
1222 2576 1396 2624 declivii
1431 2577 1535 2624 rivis

163 2645 383 2693 hincinde
402 2645 726 2702 confluentibus
745 2647 973 2706 dilatatur,
998 2646 1060 2694 sic
1076 2647 1266 2695 interior·
1279 2648 1416 2695 homo
1431 2664 1535 2697 nos-

1309 2735 1377 2764 10.
