1885 3284
446 292 589 322 SERMO
627 292 718 331 xm,
757 291 813 320 DE
849 288 1062 319 PASSIONE
1100 289 1262 317 DOMINI
1305 291 1342 318 Υ.
1475 289 1556 318 ‘2¹1

196 373 280 400 una
303 357 522 414 appodiata
540 365 630 397 erut
649 358 698 396 ad
717 364 876 412 partem
889 355 1100 394 dexteram
1127 352 1264 393 crucis
1282 384 1290 400 ‚
1318 353 1444 394 altera
1462 365 1568 408 quo-

195 438 278 479 que
300 424 352 464 ad
372 422 605 467 sinistram:
639 422 810 461 alteram
835 433 932 460 vero
956 427 1051 459 ante
1074 417 1220 459 faciem
1240 417 1377 458 crucis
1395 433 1568 473 parave-

197 496 297 530 runt
325 502 336 529 ε
361 496 404 528 et
426 486 750 528 ascendentibus
773 484 1030 532 latronibus,
1056 497 1139 522 uno
1166 484 1320 523 scalam
1346 483 1531 523 dextrum
1557 515 1566 530 ‚

197 561 242 594 et
260 554 391 594 altero
415 552 624 593 sinistram
645 584 655 599 ,
683 549 862 591 ministri
889 548 959 604 qui
984 548 1197 599 Christum
1223 547 1394 602 ligatum
1432 548 1570 589 adhuc

195 618 310 674 juxta
328 633 499 659 crucem
524 618 753 664 tenebant,
776 615 990 656 Christum
1010 628 1151 655 coram
1172 614 1285 653 omni
1301 614 1572 655 multitudine

197 685 540 740 expoliaverunt,
561 691 602 722 ct
621 683 842 723 dvnudaiae
867 689 964 720 sunt
987 694 1135 720 carnes
1160 678 1383 719 Salvatoris
1409 678 1573 720 iniMa-

197 757 262 790 ter
284 764 380 790 vero
403 749 595 789 dolorosa
620 748 788 793 aderat,
816 760 892 787 nec
921 760 1091 787 carnem
1124 743 1196 784 filii
1221 744 1438 799 cooperire
1460 753 1572 801 pote·

199 822 262 855 rat
282 846 292 861 ‚
318 829 397 855 nec
421 814 494 870 ipsi
510 814 648 868 loqui,
668 828 744 854 nec
764 811 986 868 amplecti,
1012 825 1090 852 nec
1112 824 1207 850 eum
1233 810 1412 850 osculari
1431 843 1439 857 ,
1468 811 1576 852 sicut

203 881 270 936 pia
305 880 454 928 Mater,
487 878 631 920 xidens
663 878 817 920 Filium
835 877 965 926 mori,
985 879 1129 930 facere
1155 875 1341 916 debebat.
1377 876 1575 927 Pensate‚

199 946 364 991 fratres,
381 952 561 1000 quantus
581 944 701 984 dolor
723 943 800 984 suit
819 942 976 988 Matris,
992 957 1081 982 cum
1103 945 1162 981 ita
1187 940 1296 980 videt
1309 941 1463 982 Filium
1484 957 1576 997 per-

199 1010 384 1051 tractari.
414 1010 464 1050 Et
488 1009 699 1066 capientes
718 1009 934 1049 Christum
961 1006 1224 1048 Nazarenum
1241 1037 1250 1053 ,
1272 1006 1449 1046 mediam
1473 1006 1578 1046 hane

201 1076 358 1117 scalam
385 1075 442 1115 sic
467 1075 725 1115 denudatum
760 1074 988 1115 ascendere
1022 1072 1226 1112 secarunt.
1272 1071 1426 1119 Latro,
1463 1072 1533 1126 qui
1559 1088 1578 1112 a

201 1139 373 1182 dextera
391 1148 508 1197 parte
528 1140 695 1186 stabat,
720 1137 885 1195 accepit
911 1152 1083 1178 manum
1098 1169 1108 1184 ,
1150 1151 1241 1192 quae
1265 1136 1420 1176 coelnm
1438 1145 1481 1177 et
1503 1145 1583 1177 ter-

201 1220 290 1247 ram
315 1205 590 1251 formaverat,
615 1213 658 1246 et
677 1205 908 1246 extendens
925 1217 1019 1244 eam
1035 1235 1044 1249 ‚
1067 1203 1233 1242 clavum
1256 1200 1468 1257 accipiens
1489 1233 1499 1250 ‚
1525 1206 1581 1242 in-

183 1270 295 1326 fixit
308 1286 396 1310 eum
412 1302 421 1319 ,
442 1278 487 1311 ut
509 1270 652 1316 credo,
680 1268 789 1309 sient
805 1267 933 1309 moris
950 1275 1068 1319 erat,
1090 1274 1133 1307 et
1154 1266 1296 1307 multis
1318 1266 1471 1308 ictibus
1493 1281 1584 1308 maa

203 1349 304 1376 num
329 1334 404 1375 Dei
425 1333 680 1391 perforavit5
706 1332 819 1388 quod
836 1331 952 1374 etsie
975 1330 1074 1372 fecit
1097 1338 1237 1385 postea
1262 1338 1303 1371 et
1328 1331 1445 1372 alius.
1468 1330 1582 1371 Tunc

203 1402 404 1448 ministri,
443 1398 618 1446 fratres,
651 1399 833 1445 scalam,
860 1397 901 1437 in
924 1411 1002 1451 qua
1039 1396 1166 1452 pedes
1201 1395 1356 1436 Christi
1388 1396 1582 1452 quiesce-

201 1464 335 1513 bant,
362 1465 606 1505 levaverunt
630 1463 689 1517 (ι)
711 1494 722 1510 ,
738 1471 778 1503 et
801 1462 861 1502 sie
881 1476 1035 1516 corpus
1052 1460 1338 1516 ponderosum
1361 1476 1437 1517 pro
1462 1462 1582 1502 nobis

202 1529 503 1585 peccatoribus
520 1528 561 1568 in
578 1542 706 1568 cruce
720 1526 942 1582 pendebat.
954 1525 1154 1567 Videntes
1169 1534 1307 1565 autem
1320 1525 1458 1567 Judaei
1471 1527 1584 1582 quod

205 1594 474 1651 adparatum
496 1593 627 1634 locum
651 1594 779 1649 pedes
800 1594 862 1649 (2)
885 1607 967 1633 non
991 1591 1217 1633 veniebant
1236 1624 1245 1642 ‚
1269 1592 1504 1648 ligaverunt
1526 1593 1588 1633 su-

205 1659 330 1700 nibus
354 1658 467 1706 illos,
491 1667 533 1698 et
553 1673 707 1714 corpus
731 1659 1032 1704 extendentes,
1065 1655 1247 1697 fixerunt
1281 1672 1350 1697 eos
1377 1656 1507 1697 clavis
1536 1659 1585 1698 ad

205 1723 433 1763 terminum
457 1753 466 1771 ‚
493 1736 618 1777 quenl
647 1723 884 1762 voluerunt.

266 1788 338 1828 111.
375 1787 495 1829 Tunc
516 1785 628 1827 enim
652 1785 911 1825 dinumerata
927 1794 1023 1826 sunt
1041 1785 1184 1826 onmia
1206 1801 1296 1826 ossa
1321 1786 1585 1841 ejus¹.Tunc

209 1851 335 1893 etiam
363 1852 421 1906 (5)
446 1882 455 1897 ,
480 1858 527 1890 nt
550 1849 748 1897 arbitror,
778 1849 834 1890 ait
857 1848 1050 1890 Christus
1083 1864 1179 1888 voce
1199 1865 1384 1906 magna:
1418 1869 1431 1887 «
1456 1852 1585 1901 Deus,

209 1916 350 1958 »Deus
372 1931 516 1962 meus,
543 1915 706 1971 respice
733 1915 773 1955 in
802 1930 889 1962 me,
920 1929 1049 1970 quare
1073 1929 1140 1954 me
1166 1915 1455 1970 dereliquisti?
1479 1919 1590 1959 Deus

209 1997 358 2023 »meus
374 2014 384 2029 ,
423 1980 617 2023 clamabo
640 1995 715 2036 per
737 1981 870 2027 diem,
897 1989 938 2021 et
962 1994 1045 2021 non
1069 1978 1307 2021 exaudies².
1328 1999 1342 2017 n
1378 1980 1461 2023 Sed
1488 2000 1589 2040 ‹7110-

209 2047 460 2103 moclofituc
478 2046 607 2087 Filius
630 2045 706 2087 Dei
731 2047 843 2087 dicat
869 2061 911 2086 se
938 2044 1186 2086 derelictum
1212 2060 1231 2085 a
1258 2045 1404 2093 Patre,
1435 2049 1505 2103 qui
1529 2059 1591 2090 ost

210 2113 250 2154 ei
275 2116 505 2169 unigenitus
522 2120 563 2151 et
577 2111 959 2153 consubstantialis.
988 2111 1112 2156 Ideo,
1136 2112 1286 2151 fratres
1302 2144 1311 2157 ,
1333 2111 1440 2153 sciro
1464 2115 1593 2156 ‹lebe-

212 2177 264 2219 tis
280 2211 291 2226 ‚
311 2178 424 2233 qnod
446 2177 559 2218 Deus
578 2176 757 2232 antiquis
774 2180 1078 2233 possessionem
1102 2175 1398 2232 temporalium
1427 2189 1590 2222 tantun]

213 2243 480 2290 conserebat,
506 2242 671 2299 copiam
691 2242 855 2284 scilicet
875 2242 983 2289 olei,
1019 2241 1102 2282 vini
1126 2249 1165 2281 et
1190 2242 1417 2291 frumenti,
1445 2253 1486 2285 et
1505 2247 1592 2287 vic-

215 2308 368 2350 toriam
386 2309 437 2349 de
461 2307 662 2355 inimicis;
686 2309 760 2349 sed
783 2308 896 2349 Deus
929 2308 968 2348 in
1000 2307 1163 2348 mundo
1189 2307 1359 2348 veniens
1384 2309 1462 2350 alia
1482 2311 1590 2353 bona

220 2374 495 2430 promittens,
522 2388 614 2430 quae
627 2389 757 2430 genus
781 2373 1012 2415 humanum
1026 2388 1100 2430 per
1114 2374 1280 2429 culpam
1302 2373 1498 2417 amiserat
1514 2380 1595 2429 (Δ),

270 2488 281 2508 ¹
298 2487 380 2520 Psal.
396 2497 462 2525 xxx,
480 2487 535 2517 18.
552 2504 596 2509 —
613 2484 628 2506 ²
644 2485 730 2519 lbid.
751 2498 784 2528 9,
809 2488 840 2519 3.

270 2567 322 2611 (t)
347 2567 430 2602 eud.
458 2567 672 2599 elevaverunt.
698 2583 744 2591 —
770 2564 889 2610 (2)1d.
915 2566 1054 2608 pedum.
1082 2584 1124 2590 —
1152 2566 1200 2610 (3)
1227 2566 1274 2598 1d.
1291 2567 1391 2602 enim,
1422 2587 1462 2593 —
1478 2569 1525 2613 (4)
1549 2572 1598 2606 12]-

227 2624 417 2657 admiserat.

1403 2689 1470 2744 lli.
