<?xml version="1.0" encoding="UTF-8"?>
<!DOCTYPE html PUBLIC "-//W3C//DTD XHTML 1.0 Transitional//EN"
    "http://www.w3.org/TR/xhtml1/DTD/xhtml1-transitional.dtd">
<html xmlns="http://www.w3.org/1999/xhtml" xml:lang="en" lang="en">
 <head>
  <title>
</title>
<meta http-equiv="Content-Type" content="text/html;charset=utf-8" />
  <meta name='ocr-system' content='tesseract 3.04.00' />
  <meta name='ocr-capabilities' content='ocr_page ocr_carea ocr_par ocr_line ocrx_word'/>
</head>
<body>
  <div class='ocr_page' id='page_1' title='image "./p2operaomniaaccu24auguuoft_0451.png"; bbox 0 0 1868 3301; ppageno 0'>
   <div class='ocr_carea' id='block_1_1' title="bbox 93 218 1450 273">
    <p class='ocr_par' dir='ltr' id='par_1_1' title="bbox 93 218 1450 273">
     <span class='ocr_line' id='line_1_1' title="bbox 93 218 1450 273; baseline -0.001 -8"><span class='ocrx_word' id='word_1_1' title='bbox 93 228 236 266; x_wconf 75' lang='lat' dir='ltr'>smum</span> <span class='ocrx_word' id='word_1_2' title='bbox 271 229 453 272; x_wconf 73' lang='lat' dir='ltr'>Lxxxw,</span> <span class='ocrx_word' id='word_1_3' title='bbox 492 229 547 260; x_wconf 68' lang='lat' dir='ltr'>ni:</span> <span class='ocrx_word' id='word_1_4' title='bbox 583 230 775 260; x_wconf 67' lang='lat' dir='ltr'>MoltTUts</span> <span class='ocrx_word' id='word_1_5' title='bbox 812 230 865 260; x_wconf 72' lang='lat' dir='ltr'>nr</span> <span class='ocrx_word' id='word_1_6' title='bbox 902 229 1171 273; x_wconf 53' lang='lat' dir='ltr'>consonam,</span> <span class='ocrx_word' id='word_1_7' title='bbox 1209 231 1302 263; x_wconf 77' lang='lat' dir='ltr'>ETc.</span> <span class='ocrx_word' id='word_1_8' title='bbox 1368 218 1450 273; x_wconf 61' lang='lat'>4²2¹</span> 
     </span>
    </p>
   </div>
   <div class='ocr_carea' id='block_1_2' title="bbox 89 298 1485 2439">
    <p class='ocr_par' dir='ltr' id='par_1_2' title="bbox 89 298 1465 679">
     <span class='ocr_line' id='line_1_2' title="bbox 93 298 1459 356; baseline -0.001 -14"><span class='ocrx_word' id='word_1_9' title='bbox 93 300 196 342; x_wconf 87' lang='lat' dir='ltr'>dicis</span> <span class='ocrx_word' id='word_1_10' title='bbox 222 316 231 340; x_wconf 94' lang='lat'><strong>:</strong></span> <span class='ocrx_word' id='word_1_11' title='bbox 256 299 347 341; x_wconf 91' lang='lat' dir='ltr'>Non</span> <span class='ocrx_word' id='word_1_12' title='bbox 372 298 535 339; x_wconf 80' lang='lat' dir='ltr'>veniam</span> <span class='ocrx_word' id='word_1_13' title='bbox 553 330 564 345; x_wconf 80' lang='lat'><em>,</em></span> <span class='ocrx_word' id='word_1_14' title='bbox 591 299 685 354; x_wconf 79' lang='lat' dir='ltr'>quia</span> <span class='ocrx_word' id='word_1_15' title='bbox 705 306 870 355; x_wconf 77' lang='lat' dir='ltr'>tempus</span> <span class='ocrx_word' id='word_1_16' title='bbox 892 299 1080 340; x_wconf 77' lang='lat' dir='ltr'>aestivum</span> <span class='ocrx_word' id='word_1_17' title='bbox 1104 308 1167 341; x_wconf 77' lang='lat' dir='ltr'>ost</span> <span class='ocrx_word' id='word_1_18' title='bbox 1193 309 1235 341; x_wconf 88' lang='lat' dir='ltr'>et</span> <span class='ocrx_word' id='word_1_19' title='bbox 1256 300 1459 356; x_wconf 89' lang='lat' dir='ltr'>jucundi—</span> 
     </span>
     <span class='ocr_line' id='line_1_3' title="bbox 92 363 1461 421; baseline 0 -15"><span class='ocrx_word' id='word_1_20' title='bbox 92 365 203 412; x_wconf 84' lang='lat' dir='ltr'>tatis;</span> <span class='ocrx_word' id='word_1_21' title='bbox 223 365 394 406; x_wconf 89' lang='lat' dir='ltr'>omnino</span> <span class='ocrx_word' id='word_1_22' title='bbox 408 378 491 405; x_wconf 91' lang='lat' dir='ltr'>non</span> <span class='ocrx_word' id='word_1_23' title='bbox 507 364 683 404; x_wconf 80' lang='lat' dir='ltr'>veniam.</span> <span class='ocrx_word' id='word_1_24' title='bbox 697 363 822 408; x_wconf 86' lang='lat' dir='ltr'>Ecce.</span> <span class='ocrx_word' id='word_1_25' title='bbox 841 379 920 419; x_wconf 85' lang='lat' dir='ltr'>qua</span> <span class='ocrx_word' id='word_1_26' title='bbox 939 363 1041 404; x_wconf 84' lang='lat' dir='ltr'>hora</span> <span class='ocrx_word' id='word_1_27' title='bbox 1061 379 1143 405; x_wconf 91' lang='lat' dir='ltr'>non</span> <span class='ocrx_word' id='word_1_28' title='bbox 1158 373 1322 421; x_wconf 86' lang='lat' dir='ltr'>putant,</span> <span class='ocrx_word' id='word_1_29' title='bbox 1342 380 1461 421; x_wconf 84' lang='lat' dir='ltr'>egre-</span> 
     </span>
     <span class='ocr_line' id='line_1_4' title="bbox 93 428 1463 485; baseline -0.001 -13"><span class='ocrx_word' id='word_1_30' title='bbox 93 429 205 472; x_wconf 87' lang='lat' dir='ltr'>ditur</span> <span class='ocrx_word' id='word_1_31' title='bbox 231 444 356 471; x_wconf 86' lang='lat' dir='ltr'>mors.</span> <span class='ocrx_word' id='word_1_32' title='bbox 386 428 602 479; x_wconf 86' lang='lat' dir='ltr'>Quosdam</span> <span class='ocrx_word' id='word_1_33' title='bbox 623 428 734 485; x_wconf 82' lang='lat' dir='ltr'>rapis</span> <span class='ocrx_word' id='word_1_34' title='bbox 757 428 797 469; x_wconf 92' lang='lat' dir='ltr'>in</span> <span class='ocrx_word' id='word_1_35' title='bbox 820 428 1056 469; x_wconf 76' lang='lat' dir='ltr'>calamitate</span> <span class='ocrx_word' id='word_1_36' title='bbox 1077 437 1119 470; x_wconf 89' lang='lat' dir='ltr'>et</span> <span class='ocrx_word' id='word_1_37' title='bbox 1140 429 1335 483; x_wconf 82' lang='lat' dir='ltr'>suspirio,</span> <span class='ocrx_word' id='word_1_38' title='bbox 1369 430 1463 485; x_wconf 84' lang='lat' dir='ltr'>qui-</span> 
     </span>
     <span class='ocr_line' id='line_1_5' title="bbox 91 493 1458 549; baseline -0.001 -13"><span class='ocrx_word' id='word_1_39' title='bbox 91 495 170 536; x_wconf 90' lang='lat' dir='ltr'>bus</span> <span class='ocrx_word' id='word_1_40' title='bbox 191 493 294 536; x_wconf 83' lang='lat' dir='ltr'>dicis</span> <span class='ocrx_word' id='word_1_41' title='bbox 313 508 322 534; x_wconf 91' lang='lat'>:</span> <span class='ocrx_word' id='word_1_42' title='bbox 343 493 485 535; x_wconf 85' lang='lat' dir='ltr'>Estote</span> <span class='ocrx_word' id='word_1_43' title='bbox 509 493 672 540; x_wconf 85' lang='lat' dir='ltr'>securi,</span> <span class='ocrx_word' id='word_1_44' title='bbox 695 509 718 533; x_wconf 91' lang='lat' dir='ltr'>o</span> <span class='ocrx_word' id='word_1_45' title='bbox 740 508 966 549; x_wconf 84' lang='lat' dir='ltr'>pauperes;</span> <span class='ocrx_word' id='word_1_46' title='bbox 999 507 1100 535; x_wconf 90' lang='lat' dir='ltr'>ecce</span> <span class='ocrx_word' id='word_1_47' title='bbox 1121 494 1310 535; x_wconf 77' lang='lat' dir='ltr'><strong>fertilitas</strong></span> <span class='ocrx_word' id='word_1_48' title='bbox 1329 527 1339 542; x_wconf 89' lang='lat'><strong>,</strong></span> <span class='ocrx_word' id='word_1_49' title='bbox 1365 494 1458 536; x_wconf 89' lang='lat' dir='ltr'>ino-</span> 
     </span>
     <span class='ocr_line' id='line_1_6' title="bbox 89 557 1465 616; baseline 0 -16"><span class='ocrx_word' id='word_1_50' title='bbox 89 558 205 616; x_wconf 85' lang='lat' dir='ltr'>piam</span> <span class='ocrx_word' id='word_1_51' title='bbox 223 573 307 600; x_wconf 92' lang='lat' dir='ltr'>non</span> <span class='ocrx_word' id='word_1_52' title='bbox 323 557 544 615; x_wconf 83' lang='lat' dir='ltr'>portabitis</span> <span class='ocrx_word' id='word_1_53' title='bbox 563 574 575 606; x_wconf 90' lang='lat'>;</span> <span class='ocrx_word' id='word_1_54' title='bbox 601 572 706 614; x_wconf 90' lang='lat' dir='ltr'>quos</span> <span class='ocrx_word' id='word_1_55' title='bbox 730 572 827 598; x_wconf 84' lang='lat' dir='ltr'>mox</span> <span class='ocrx_word' id='word_1_56' title='bbox 844 572 942 598; x_wconf 88' lang='lat' dir='ltr'>cum</span> <span class='ocrx_word' id='word_1_57' title='bbox 963 558 1198 614; x_wconf 77' lang='lat' dir='ltr'>aggrederis</span> <span class='ocrx_word' id='word_1_58' title='bbox 1212 590 1223 606; x_wconf 90' lang='lat'><strong>,</strong></span> <span class='ocrx_word' id='word_1_59' title='bbox 1248 572 1465 614; x_wconf 90' lang='lat' dir='ltr'>nunquam</span> 
     </span>
     <span class='ocr_line' id='line_1_7' title="bbox 91 621 1013 679; baseline -0.001 -14"><span class='ocrx_word' id='word_1_60' title='bbox 91 624 313 673; x_wconf 73' lang='lat' dir='ltr'>saturatis,</span> <span class='ocrx_word' id='word_1_61' title='bbox 336 632 378 665; x_wconf 90' lang='lat' dir='ltr'>et</span> <span class='ocrx_word' id='word_1_62' title='bbox 399 638 616 679; x_wconf 84' lang='lat' dir='ltr'>nunquam</span> <span class='ocrx_word' id='word_1_63' title='bbox 645 622 749 665; x_wconf 88' lang='lat' dir='ltr'>dicis</span> <span class='ocrx_word' id='word_1_64' title='bbox 771 637 780 663; x_wconf 90' lang='lat'>:</span> <span class='ocrx_word' id='word_1_65' title='bbox 806 621 1013 664; x_wconf 84' lang='lat' dir='ltr'>Sufficit¹.</span> 
     </span>
    </p>

    <p class='ocr_par' dir='ltr' id='par_1_3' title="bbox 90 686 1480 1972">
     <span class='ocr_line' id='line_1_8' title="bbox 147 686 1467 743; baseline 0.001 -15"><span class='ocrx_word' id='word_1_66' title='bbox 147 687 219 729; x_wconf 86' lang='lat'><em>111.</em></span> <span class='ocrx_word' id='word_1_67' title='bbox 256 687 361 738; x_wconf 87' lang='lat' dir='ltr'>Quis</span> <span class='ocrx_word' id='word_1_68' title='bbox 382 695 445 728; x_wconf 86' lang='lat' dir='ltr'>est</span> <span class='ocrx_word' id='word_1_69' title='bbox 468 701 569 743; x_wconf 85' lang='lat' dir='ltr'>ergo</span> <span class='ocrx_word' id='word_1_70' title='bbox 599 687 728 729; x_wconf 86' lang='lat' dir='ltr'>homo</span> <span class='ocrx_word' id='word_1_71' title='bbox 747 719 757 732; x_wconf 86' lang='lat'><em>,</em></span> <span class='ocrx_word' id='word_1_72' title='bbox 784 687 854 743; x_wconf 90' lang='lat' dir='ltr'>qui</span> <span class='ocrx_word' id='word_1_73' title='bbox 887 702 972 728; x_wconf 91' lang='lat' dir='ltr'>non</span> <span class='ocrx_word' id='word_1_74' title='bbox 999 686 1138 729; x_wconf 85' lang='lat' dir='ltr'>videat</span> <span class='ocrx_word' id='word_1_75' title='bbox 1165 694 1345 728; x_wconf 89' lang='lat' dir='ltr'>mortem</span> <span class='ocrx_word' id='word_1_76' title='bbox 1368 686 1386 727; x_wconf 77' lang='grc' dir='ltr'>Ξ)</span> <span class='ocrx_word' id='word_1_77' title='bbox 1415 687 1467 729; x_wconf 83' lang='lat' dir='ltr'>Et</span> 
     </span>
     <span class='ocr_line' id='line_1_9' title="bbox 91 750 1467 809; baseline 0 -15"><span class='ocrx_word' id='word_1_78' title='bbox 91 752 186 794; x_wconf 88' lang='lat' dir='ltr'>ideo</span> <span class='ocrx_word' id='word_1_79' title='bbox 208 761 357 808; x_wconf 87' lang='lat' dir='ltr'>stupeo</span> <span class='ocrx_word' id='word_1_80' title='bbox 381 767 456 794; x_wconf 87' lang='lat' dir='ltr'>vos</span> <span class='ocrx_word' id='word_1_81' title='bbox 483 761 637 794; x_wconf 72' lang='lat' dir='ltr'>sanctae</span> <span class='ocrx_word' id='word_1_82' title='bbox 662 751 879 793; x_wconf 82' lang='lat' dir='ltr'>catholicae</span> <span class='ocrx_word' id='word_1_83' title='bbox 902 750 1000 793; x_wconf 87' lang='lat' dir='ltr'>fidei</span> <span class='ocrx_word' id='word_1_84' title='bbox 1023 751 1269 809; x_wconf 75' lang='lat' dir='ltr'>participes,</span> <span class='ocrx_word' id='word_1_85' title='bbox 1297 766 1368 808; x_wconf 81' lang='lat' dir='ltr'>spe</span> <span class='ocrx_word' id='word_1_86' title='bbox 1405 767 1467 794; x_wconf 84' lang='lat' dir='ltr'>re·</span> 
     </span>
     <span class='ocr_line' id='line_1_10' title="bbox 91 815 1468 873; baseline 0 -15"><span class='ocrx_word' id='word_1_87' title='bbox 91 817 363 859; x_wconf 83' lang='lat' dir='ltr'>surrectionis</span> <span class='ocrx_word' id='word_1_88' title='bbox 393 819 559 859; x_wconf 86' lang='lat' dir='ltr'>dotatos</span> <span class='ocrx_word' id='word_1_89' title='bbox 597 816 766 864; x_wconf 76' lang='lat' dir='ltr'>fideles,</span> <span class='ocrx_word' id='word_1_90' title='bbox 786 817 1001 873; x_wconf 87' lang='lat' dir='ltr'>quomodo</span> <span class='ocrx_word' id='word_1_91' title='bbox 1024 824 1186 858; x_wconf 85' lang='lat' dir='ltr'>tantum</span> <span class='ocrx_word' id='word_1_92' title='bbox 1210 816 1262 857; x_wconf 90' lang='lat' dir='ltr'>de</span> <span class='ocrx_word' id='word_1_93' title='bbox 1284 815 1468 858; x_wconf 84' lang='lat' dir='ltr'>filiorum</span> 
     </span>
     <span class='ocr_line' id='line_1_11' title="bbox 90 882 1467 940; baseline -0.001 -16"><span class='ocrx_word' id='word_1_94' title='bbox 90 882 156 924; x_wconf 85' lang='lat' dir='ltr'>vel</span> <span class='ocrx_word' id='word_1_95' title='bbox 179 883 410 925; x_wconf 88' lang='lat' dir='ltr'>amicorum</span> <span class='ocrx_word' id='word_1_96' title='bbox 443 892 581 924; x_wconf 87' lang='lat' dir='ltr'>morte</span> <span class='ocrx_word' id='word_1_97' title='bbox 603 882 776 940; x_wconf 82' lang='lat' dir='ltr'>potestis</span> <span class='ocrx_word' id='word_1_98' title='bbox 800 884 957 925; x_wconf 89' lang='lat' dir='ltr'>dolere.</span> <span class='ocrx_word' id='word_1_99' title='bbox 991 883 1214 940; x_wconf 84' lang='lat' dir='ltr'>Nunquam</span> <span class='ocrx_word' id='word_1_100' title='bbox 1243 898 1337 939; x_wconf 84' lang='lat' dir='ltr'>spes</span> <span class='ocrx_word' id='word_1_101' title='bbox 1369 897 1467 924; x_wconf 89' lang='lat' dir='ltr'>cum</span> 
     </span>
     <span class='ocr_line' id='line_1_12' title="bbox 92 948 1465 1006; baseline -0.001 -16"><span class='ocrx_word' id='word_1_102' title='bbox 92 948 237 990; x_wconf 89' lang='lat' dir='ltr'>dolore</span> <span class='ocrx_word' id='word_1_103' title='bbox 270 949 514 990; x_wconf 87' lang='lat' dir='ltr'>concordat.</span> <span class='ocrx_word' id='word_1_104' title='bbox 548 948 593 990; x_wconf 88' lang='lat' dir='ltr'>Si</span> <span class='ocrx_word' id='word_1_105' title='bbox 630 963 729 1003; x_wconf 75' lang='lat' dir='ltr'>ergo</span> <span class='ocrx_word' id='word_1_106' title='bbox 765 949 1036 1006; x_wconf 77' lang='lat' dir='ltr'>resurgendi,</span> <span class='ocrx_word' id='word_1_107' title='bbox 1070 957 1116 990; x_wconf 87' lang='lat' dir='ltr'>ut</span> <span class='ocrx_word' id='word_1_108' title='bbox 1143 948 1324 1005; x_wconf 86' lang='lat' dir='ltr'>putatis,</span> <span class='ocrx_word' id='word_1_109' title='bbox 1349 961 1465 1002; x_wconf 88' lang='lat' dir='ltr'>spem</span> 
     </span>
     <span class='ocr_line' id='line_1_13' title="bbox 92 1011 1469 1070; baseline -0.001 -16"><span class='ocrx_word' id='word_1_110' title='bbox 92 1012 274 1061; x_wconf 81' lang='lat' dir='ltr'>habetis,</span> <span class='ocrx_word' id='word_1_111' title='bbox 296 1027 372 1054; x_wconf 88' lang='lat' dir='ltr'>cur</span> <span class='ocrx_word' id='word_1_112' title='bbox 388 1021 569 1054; x_wconf 89' lang='lat' dir='ltr'>mortem</span> <span class='ocrx_word' id='word_1_113' title='bbox 594 1013 825 1055; x_wconf 83' lang='lat' dir='ltr'>amicorum</span> <span class='ocrx_word' id='word_1_114' title='bbox 849 1013 1054 1070; x_wconf 75' lang='lat' dir='ltr'>ploratis?</span> <span class='ocrx_word' id='word_1_115' title='bbox 1078 1012 1296 1068; x_wconf 86' lang='lat' dir='ltr'>Numquid</span> <span class='ocrx_word' id='word_1_116' title='bbox 1312 1026 1394 1054; x_wconf 90' lang='lat' dir='ltr'>non</span> <span class='ocrx_word' id='word_1_117' title='bbox 1412 1011 1469 1066; x_wconf 83' lang='lat'>(1)</span> 
     </span>
     <span class='ocr_line' id='line_1_14' title="bbox 91 1076 1471 1135; baseline -0.002 -16"><span class='ocrx_word' id='word_1_118' title='bbox 91 1078 162 1135; x_wconf 90' lang='lat' dir='ltr'>qui</span> <span class='ocrx_word' id='word_1_119' title='bbox 182 1078 356 1121; x_wconf 81' lang='lat' dir='ltr'><strong>dederat</strong></span> <span class='ocrx_word' id='word_1_120' title='bbox 380 1078 585 1120; x_wconf 76' lang='lat' dir='ltr'>abstulit?</span> <span class='ocrx_word' id='word_1_121' title='bbox 617 1079 826 1135; x_wconf 91' lang='lat' dir='ltr'>numquid</span> <span class='ocrx_word' id='word_1_122' title='bbox 848 1094 932 1120; x_wconf 90' lang='lat' dir='ltr'>non</span> <span class='ocrx_word' id='word_1_123' title='bbox 962 1079 1034 1135; x_wconf 88' lang='lat' dir='ltr'>qui</span> <span class='ocrx_word' id='word_1_124' title='bbox 1066 1086 1282 1120; x_wconf 79' lang='lat' dir='ltr'><strong>creaverat</strong></span> <span class='ocrx_word' id='word_1_125' title='bbox 1303 1076 1471 1134; x_wconf 73' lang='lat' dir='ltr'>rapuit?</span> 
     </span>
     <span class='ocr_line' id='line_1_15' title="bbox 92 1142 1472 1200; baseline -0.001 -15"><span class='ocrx_word' id='word_1_126' title='bbox 92 1143 302 1199; x_wconf 85' lang='lat' dir='ltr'>numquid</span> <span class='ocrx_word' id='word_1_127' title='bbox 328 1158 412 1186; x_wconf 92' lang='lat' dir='ltr'>non</span> <span class='ocrx_word' id='word_1_128' title='bbox 437 1144 509 1200; x_wconf 87' lang='lat' dir='ltr'>qui</span> <span class='ocrx_word' id='word_1_129' title='bbox 531 1143 670 1185; x_wconf 87' lang='lat' dir='ltr'>vivere</span> <span class='ocrx_word' id='word_1_130' title='bbox 691 1143 872 1199; x_wconf 78' lang='lat' dir='ltr'>jusserat</span> <span class='ocrx_word' id='word_1_131' title='bbox 893 1176 903 1191; x_wconf 92' lang='lat'><strong>,</strong></span> <span class='ocrx_word' id='word_1_132' title='bbox 930 1144 982 1185; x_wconf 87' lang='lat' dir='ltr'>ad</span> <span class='ocrx_word' id='word_1_133' title='bbox 1005 1151 1171 1200; x_wconf 88' lang='lat' dir='ltr'>tempus</span> <span class='ocrx_word' id='word_1_134' title='bbox 1189 1142 1296 1184; x_wconf 91' lang='lat' dir='ltr'>mori</span> <span class='ocrx_word' id='word_1_135' title='bbox 1315 1155 1472 1198; x_wconf 81' lang='lat' dir='ltr'>praece·</span> 
     </span>
     <span class='ocr_line' id='line_1_16' title="bbox 92 1207 1470 1266; baseline -0.001 -17"><span class='ocrx_word' id='word_1_136' title='bbox 92 1207 290 1266; x_wconf 76' lang='lat' dir='ltr'>pit?1pse</span> <span class='ocrx_word' id='word_1_137' title='bbox 312 1209 496 1266; x_wconf 84' lang='lat' dir='ltr'>denique</span> <span class='ocrx_word' id='word_1_138' title='bbox 518 1211 889 1257; x_wconf 81' lang='lat' dir='ltr'>commodaverat,</span> <span class='ocrx_word' id='word_1_139' title='bbox 905 1217 950 1250; x_wconf 83' lang='lat' dir='ltr'>ut</span> <span class='ocrx_word' id='word_1_140' title='bbox 968 1223 1065 1250; x_wconf 92' lang='lat' dir='ltr'>cum</span> <span class='ocrx_word' id='word_1_141' title='bbox 1083 1208 1142 1250; x_wconf 90' lang='lat' dir='ltr'>eis</span> <span class='ocrx_word' id='word_1_142' title='bbox 1165 1207 1470 1255; x_wconf 77' lang='lat' dir='ltr'>habitaremus,</span> 
     </span>
     <span class='ocr_line' id='line_1_17' title="bbox 94 1272 1476 1331; baseline -0.001 -16"><span class='ocrx_word' id='word_1_143' title='bbox 94 1282 251 1331; x_wconf 86' lang='lat' dir='ltr'>quanto</span> <span class='ocrx_word' id='word_1_144' title='bbox 264 1281 455 1331; x_wconf 85' lang='lat' dir='ltr'>tempore</span> <span class='ocrx_word' id='word_1_145' title='bbox 466 1275 677 1326; x_wconf 81' lang='lat' dir='ltr'>voluisset,</span> <span class='ocrx_word' id='word_1_146' title='bbox 696 1282 756 1319; x_wconf 85' lang='lat' dir='ltr'>et,</span> <span class='ocrx_word' id='word_1_147' title='bbox 775 1289 873 1316; x_wconf 93' lang='lat' dir='ltr'>cum</span> <span class='ocrx_word' id='word_1_148' title='bbox 898 1275 1039 1322; x_wconf 86' lang='lat' dir='ltr'>vellet,</span> <span class='ocrx_word' id='word_1_149' title='bbox 1060 1288 1228 1315; x_wconf 85' lang='lat' dir='ltr'>rursum</span> <span class='ocrx_word' id='word_1_150' title='bbox 1243 1273 1333 1314; x_wconf 89' lang='lat' dir='ltr'>sine</span> <span class='ocrx_word' id='word_1_151' title='bbox 1356 1272 1476 1314; x_wconf 90' lang='lat' dir='ltr'>dubi-</span> 
     </span>
     <span class='ocr_line' id='line_1_18' title="bbox 95 1336 1474 1395; baseline -0.002 -14"><span class='ocrx_word' id='word_1_152' title='bbox 95 1340 253 1381; x_wconf 76' lang='lat' dir='ltr'>tatione</span> <span class='ocrx_word' id='word_1_153' title='bbox 271 1339 465 1381; x_wconf 80' lang='lat' dir='ltr'><strong>auferret.</strong></span> <span class='ocrx_word' id='word_1_154' title='bbox 489 1339 604 1382; x_wconf 80' lang='lat' dir='ltr'>Nihil</span> <span class='ocrx_word' id='word_1_155' title='bbox 624 1340 796 1381; x_wconf 85' lang='lat' dir='ltr'>abstulit</span> <span class='ocrx_word' id='word_1_156' title='bbox 815 1347 952 1386; x_wconf 89' lang='lat' dir='ltr'>tuum,</span> <span class='ocrx_word' id='word_1_157' title='bbox 969 1338 1039 1395; x_wconf 89' lang='lat' dir='ltr'>qui</span> <span class='ocrx_word' id='word_1_158' title='bbox 1058 1339 1251 1393; x_wconf 70' lang='lat' dir='ltr'>dignatus</span> <span class='ocrx_word' id='word_1_159' title='bbox 1269 1346 1330 1379; x_wconf 88' lang='lat' dir='ltr'>est</span> <span class='ocrx_word' id='word_1_160' title='bbox 1349 1336 1474 1379; x_wconf 87' lang='lat' dir='ltr'>hodie</span> 
     </span>
     <span class='ocr_line' id='line_1_19' title="bbox 96 1403 1474 1461; baseline -0.001 -16"><span class='ocrx_word' id='word_1_161' title='bbox 96 1404 285 1461; x_wconf 86' lang='lat' dir='ltr'>recipere</span> <span class='ocrx_word' id='word_1_162' title='bbox 303 1419 423 1446; x_wconf 85' lang='lat' dir='ltr'>suum</span> <span class='ocrx_word' id='word_1_163' title='bbox 442 1421 453 1454; x_wconf 90' lang='grc'><strong>;</strong></span> <span class='ocrx_word' id='word_1_164' title='bbox 473 1404 669 1460; x_wconf 85' lang='lat' dir='ltr'>injuriam</span> <span class='ocrx_word' id='word_1_165' title='bbox 687 1404 846 1445; x_wconf 84' lang='lat' dir='ltr'>nemini</span> <span class='ocrx_word' id='word_1_166' title='bbox 861 1404 981 1452; x_wconf 58' lang='lat' dir='ltr'>facim</span> <span class='ocrx_word' id='word_1_167' title='bbox 1002 1406 1053 1446; x_wconf 89' lang='lat' dir='ltr'>de</span> <span class='ocrx_word' id='word_1_168' title='bbox 1070 1419 1119 1446; x_wconf 90' lang='lat' dir='ltr'>eo</span> <span class='ocrx_word' id='word_1_169' title='bbox 1131 1403 1332 1460; x_wconf 83' lang='lat' dir='ltr'>conqueri</span> <span class='ocrx_word' id='word_1_170' title='bbox 1351 1416 1474 1445; x_wconf 86' lang='lat' dir='ltr'>nemo</span> 
     </span>
     <span class='ocr_line' id='line_1_20' title="bbox 98 1468 1473 1526; baseline -0.002 -15"><span class='ocrx_word' id='word_1_171' title='bbox 98 1470 264 1511; x_wconf 84' lang='lat' dir='ltr'>audeat.</span> <span class='ocrx_word' id='word_1_172' title='bbox 280 1469 382 1512; x_wconf 87' lang='lat' dir='ltr'>Nam</span> <span class='ocrx_word' id='word_1_173' title='bbox 398 1470 560 1511; x_wconf 87' lang='lat' dir='ltr'>licitum</span> <span class='ocrx_word' id='word_1_174' title='bbox 574 1478 636 1511; x_wconf 84' lang='lat' dir='ltr'>est</span> <span class='ocrx_word' id='word_1_175' title='bbox 650 1470 851 1526; x_wconf 87' lang='lat' dir='ltr'>recipere,</span> <span class='ocrx_word' id='word_1_176' title='bbox 868 1470 907 1510; x_wconf 92' lang='lat' dir='ltr'>in</span> <span class='ocrx_word' id='word_1_177' title='bbox 922 1484 1194 1526; x_wconf 85' lang='lat' dir='ltr'>quacumque</span> <span class='ocrx_word' id='word_1_178' title='bbox 1214 1478 1330 1526; x_wconf 82' lang='lat' dir='ltr'>parte</span> <span class='ocrx_word' id='word_1_179' title='bbox 1344 1468 1473 1510; x_wconf 89' lang='lat' dir='ltr'>homo</span> 
     </span>
     <span class='ocr_line' id='line_1_21' title="bbox 97 1534 1474 1591; baseline -0.002 -14"><span class='ocrx_word' id='word_1_180' title='bbox 97 1549 219 1577; x_wconf 88' lang='lat' dir='ltr'>suum</span> <span class='ocrx_word' id='word_1_181' title='bbox 245 1534 454 1583; x_wconf 78' lang='lat' dir='ltr'>inveniat3</span> <span class='ocrx_word' id='word_1_182' title='bbox 481 1543 639 1591; x_wconf 85' lang='lat' dir='ltr'>quanto</span> <span class='ocrx_word' id='word_1_183' title='bbox 669 1535 798 1591; x_wconf 77' lang='lat' dir='ltr'>magis</span> <span class='ocrx_word' id='word_1_184' title='bbox 838 1535 933 1582; x_wconf 89' lang='lat' dir='ltr'>ille,</span> <span class='ocrx_word' id='word_1_185' title='bbox 972 1535 1042 1590; x_wconf 88' lang='lat' dir='ltr'>qui</span> <span class='ocrx_word' id='word_1_186' title='bbox 1075 1550 1126 1576; x_wconf 86' lang='lat' dir='ltr'>ex</span> <span class='ocrx_word' id='word_1_187' title='bbox 1154 1534 1286 1576; x_wconf 77' lang='lat' dir='ltr'>nihilo</span> <span class='ocrx_word' id='word_1_188' title='bbox 1320 1541 1474 1575; x_wconf 79' lang='lat' dir='ltr'>cuncta</span> 
     </span>
     <span class='ocr_line' id='line_1_22' title="bbox 99 1599 1472 1657; baseline -0.002 -15"><span class='ocrx_word' id='word_1_189' title='bbox 99 1599 295 1642; x_wconf 77' lang='lat' dir='ltr'>creavit?</span> <span class='ocrx_word' id='word_1_190' title='bbox 334 1600 470 1643; x_wconf 86' lang='lat' dir='ltr'>Nolite</span> <span class='ocrx_word' id='word_1_191' title='bbox 493 1616 592 1657; x_wconf 81' lang='lat' dir='ltr'>ergo</span> <span class='ocrx_word' id='word_1_192' title='bbox 615 1600 742 1648; x_wconf 82' lang='lat' dir='ltr'>llere,</span> <span class='ocrx_word' id='word_1_193' title='bbox 769 1600 900 1642; x_wconf 87' lang='lat' dir='ltr'>nolite</span> <span class='ocrx_word' id='word_1_194' title='bbox 925 1600 1105 1650; x_wconf 85' lang='lat' dir='ltr'>tristari,</span> <span class='ocrx_word' id='word_1_195' title='bbox 1131 1600 1260 1641; x_wconf 90' lang='lat' dir='ltr'>nolite</span> <span class='ocrx_word' id='word_1_196' title='bbox 1283 1599 1443 1640; x_wconf 84' lang='lat' dir='ltr'>turbari</span> <span class='ocrx_word' id='word_1_197' title='bbox 1459 1630 1472 1647; x_wconf 84' lang='lat'>‚</span> 
     </span>
     <span class='ocr_line' id='line_1_23' title="bbox 99 1663 1478 1722; baseline -0.001 -18"><span class='ocrx_word' id='word_1_198' title='bbox 99 1664 299 1721; x_wconf 88' lang='lat' dir='ltr'>quoniam</span> <span class='ocrx_word' id='word_1_199' title='bbox 330 1680 453 1706; x_wconf 85' lang='lat' dir='ltr'>suum</span> <span class='ocrx_word' id='word_1_200' title='bbox 496 1665 660 1722; x_wconf 82' lang='lat' dir='ltr'>rapuit,</span> <span class='ocrx_word' id='word_1_201' title='bbox 696 1679 781 1706; x_wconf 88' lang='lat' dir='ltr'>non</span> <span class='ocrx_word' id='word_1_202' title='bbox 816 1665 1015 1706; x_wconf 81' lang='lat' dir='ltr'>alienum.</span> <span class='ocrx_word' id='word_1_203' title='bbox 1050 1664 1186 1708; x_wconf 88' lang='lat' dir='ltr'>Nolite</span> <span class='ocrx_word' id='word_1_204' title='bbox 1219 1663 1319 1705; x_wconf 82' lang='lat' dir='ltr'>sscre</span> <span class='ocrx_word' id='word_1_205' title='bbox 1352 1678 1478 1721; x_wconf 85' lang='lat' dir='ltr'>super</span> 
     </span>
     <span class='ocr_line' id='line_1_24' title="bbox 101 1729 1478 1786; baseline -0.001 -15"><span class='ocrx_word' id='word_1_206' title='bbox 101 1729 359 1771; x_wconf 68' lang='lat' dir='ltr'>dormientes</span> <span class='ocrx_word' id='word_1_207' title='bbox 373 1762 383 1778; x_wconf 94' lang='lat'><strong>,</strong></span> <span class='ocrx_word' id='word_1_208' title='bbox 410 1730 482 1771; x_wconf 79' lang='lat' dir='ltr'>sed</span> <span class='ocrx_word' id='word_1_209' title='bbox 509 1743 728 1786; x_wconf 76' lang='lat' dir='ltr'>supernos</span> <span class='ocrx_word' id='word_1_210' title='bbox 749 1730 859 1786; x_wconf 85' lang='lat' dir='ltr'>ipsos</span> <span class='ocrx_word' id='word_1_211' title='bbox 874 1729 1072 1778; x_wconf 70' lang='lat' dir='ltr'>fleamus,</span> <span class='ocrx_word' id='word_1_212' title='bbox 1091 1730 1277 1772; x_wconf 88' lang='lat' dir='ltr'>dicentes</span> <span class='ocrx_word' id='word_1_213' title='bbox 1298 1744 1307 1770; x_wconf 94' lang='lat'><strong>:</strong></span> <span class='ocrx_word' id='word_1_214' title='bbox 1326 1729 1478 1772; x_wconf 79' lang='lat' dir='ltr'>Pecca-</span> 
     </span>
     <span class='ocr_line' id='line_1_25' title="bbox 104 1794 1478 1845; baseline 0 -9"><span class='ocrx_word' id='word_1_215' title='bbox 104 1794 263 1841; x_wconf 85' lang='lat' dir='ltr'>vimus,</span> <span class='ocrx_word' id='word_1_216' title='bbox 293 1794 493 1845; x_wconf 78' lang='lat' dir='ltr'>Domine,</span> <span class='ocrx_word' id='word_1_217' title='bbox 522 1796 596 1836; x_wconf 77' lang='lat' dir='ltr'>scd</span> <span class='ocrx_word' id='word_1_218' title='bbox 615 1794 826 1835; x_wconf 81' lang='lat' dir='ltr'>miserere.</span> <span class='ocrx_word' id='word_1_219' title='bbox 855 1794 907 1836; x_wconf 87' lang='lat' dir='ltr'>Et</span> <span class='ocrx_word' id='word_1_220' title='bbox 929 1795 1080 1836; x_wconf 88' lang='lat' dir='ltr'>iterum</span> <span class='ocrx_word' id='word_1_221' title='bbox 1101 1810 1198 1836; x_wconf 91' lang='lat' dir='ltr'>cum</span> <span class='ocrx_word' id='word_1_222' title='bbox 1226 1803 1370 1836; x_wconf 89' lang='lat' dir='ltr'>sancto</span> <span class='ocrx_word' id='word_1_223' title='bbox 1391 1795 1478 1836; x_wconf 80' lang='lat' dir='ltr'>viro</span> 
     </span>
     <span class='ocr_line' id='line_1_26' title="bbox 102 1858 1480 1907; baseline 0 -7"><span class='ocrx_word' id='word_1_224' title='bbox 102 1858 184 1901; x_wconf 84' lang='lat' dir='ltr'>Job</span> <span class='ocrx_word' id='word_1_225' title='bbox 205 1858 424 1900; x_wconf 80' lang='lat' dir='ltr'>vociferari</span> <span class='ocrx_word' id='word_1_226' title='bbox 448 1866 706 1900; x_wconf 85' lang='lat' dir='ltr'>mementote</span> <span class='ocrx_word' id='word_1_227' title='bbox 732 1873 741 1899; x_wconf 80' lang='lat' dir='ltr'>t</span> <span class='ocrx_word' id='word_1_228' title='bbox 760 1858 991 1901; x_wconf 72' lang='lat' dir='ltr'>«Dominus</span> <span class='ocrx_word' id='word_1_229' title='bbox 1009 1860 1145 1907; x_wconf 87' lang='lat' dir='ltr'>dedit,</span> <span class='ocrx_word' id='word_1_230' title='bbox 1167 1859 1372 1901; x_wconf 88' lang='lat' dir='ltr'>Dominus</span> <span class='ocrx_word' id='word_1_231' title='bbox 1390 1859 1480 1901; x_wconf 85' lang='lat' dir='ltr'>abs-</span> 
     </span>
     <span class='ocr_line' id='line_1_27' title="bbox 104 1923 1309 1972; baseline 0 -10"><span class='ocrx_word' id='word_1_232' title='bbox 104 1941 120 1962; x_wconf 76' lang='lat'>»</span> <span class='ocrx_word' id='word_1_233' title='bbox 135 1923 257 1972; x_wconf 82' lang='lat' dir='ltr'>tulit;</span> <span class='ocrx_word' id='word_1_234' title='bbox 283 1924 336 1966; x_wconf 87' lang='lat' dir='ltr'>sit</span> <span class='ocrx_word' id='word_1_235' title='bbox 354 1939 508 1966; x_wconf 88' lang='lat' dir='ltr'>nomen</span> <span class='ocrx_word' id='word_1_236' title='bbox 528 1923 702 1965; x_wconf 78' lang='lat' dir='ltr'>Domini</span> <span class='ocrx_word' id='word_1_237' title='bbox 726 1923 998 1966; x_wconf 86' lang='lat' dir='ltr'>benedictum</span> <span class='ocrx_word' id='word_1_238' title='bbox 1022 1924 1062 1965; x_wconf 92' lang='lat' dir='ltr'>in</span> <span class='ocrx_word' id='word_1_239' title='bbox 1080 1923 1272 1966; x_wconf 73' lang='lat' dir='ltr'>saecu1a2.</span> <span class='ocrx_word' id='word_1_240' title='bbox 1294 1943 1309 1962; x_wconf 63' lang='lat' dir='ltr'>a</span> 
     </span>
    </p>

    <p class='ocr_par' dir='ltr' id='par_1_4' title="bbox 105 1985 1485 2439">
     <span class='ocr_line' id='line_1_28' title="bbox 163 1985 1480 2044; baseline 0.002 -16"><span class='ocrx_word' id='word_1_241' title='bbox 163 1985 233 2029; x_wconf 86' lang='lat' dir='ltr'>lV.</span> <span class='ocrx_word' id='word_1_242' title='bbox 271 1987 354 2029; x_wconf 91' lang='lat' dir='ltr'>Sed</span> <span class='ocrx_word' id='word_1_243' title='bbox 374 1988 521 2030; x_wconf 82' lang='lat' dir='ltr'>dicetis</span> <span class='ocrx_word' id='word_1_244' title='bbox 543 1988 782 2044; x_wconf 85' lang='lat' dir='ltr'>:Numquid</span> <span class='ocrx_word' id='word_1_245' title='bbox 794 1988 1000 2030; x_wconf 82' lang='lat' dir='ltr'>Dominus</span> <span class='ocrx_word' id='word_1_246' title='bbox 1016 1988 1256 2030; x_wconf 78' lang='lat' dir='ltr'>nonssevit?</span> <span class='ocrx_word' id='word_1_247' title='bbox 1274 1986 1480 2044; x_wconf 87' lang='lat' dir='ltr'>numquid</span> 
     </span>
     <span class='ocr_line' id='line_1_29' title="bbox 105 2052 1481 2111; baseline -0.001 -16"><span class='ocrx_word' id='word_1_248' title='bbox 105 2052 311 2095; x_wconf 80' lang='lat' dir='ltr'>Lazarum</span> <span class='ocrx_word' id='word_1_249' title='bbox 335 2062 554 2097; x_wconf 86' lang='lat' dir='ltr'>mortuum</span> <span class='ocrx_word' id='word_1_250' title='bbox 588 2069 670 2095; x_wconf 90' lang='lat' dir='ltr'>non</span> <span class='ocrx_word' id='word_1_251' title='bbox 704 2053 915 2111; x_wconf 68' lang='lat' dir='ltr'>ploravit?</span> <span class='ocrx_word' id='word_1_252' title='bbox 942 2055 1151 2111; x_wconf 88' lang='lat' dir='ltr'>numquid</span> <span class='ocrx_word' id='word_1_253' title='bbox 1173 2063 1215 2096; x_wconf 88' lang='lat' dir='ltr'>et</span> <span class='ocrx_word' id='word_1_254' title='bbox 1236 2063 1280 2095; x_wconf 91' lang='lat' dir='ltr'>tu</span> <span class='ocrx_word' id='word_1_255' title='bbox 1303 2058 1481 2096; x_wconf 85' lang='lat' dir='ltr'>matrem</span> 
     </span>
     <span class='ocr_line' id='line_1_30' title="bbox 108 2117 1484 2176; baseline -0.001 -15"><span class='ocrx_word' id='word_1_256' title='bbox 108 2119 350 2161; x_wconf 74' lang='lat' dir='ltr'>defunctam</span> <span class='ocrx_word' id='word_1_257' title='bbox 390 2121 502 2176; x_wconf 85' lang='lat' dir='ltr'>apud</span> <span class='ocrx_word' id='word_1_258' title='bbox 531 2119 647 2161; x_wconf 83' lang='lat' dir='ltr'>Ostia</span> <span class='ocrx_word' id='word_1_259' title='bbox 680 2119 893 2176; x_wconf 58' lang='lat' dir='ltr'>&#39;I&#39;Jberina</span> <span class='ocrx_word' id='word_1_260' title='bbox 927 2120 1052 2176; x_wconf 83' lang='lat' dir='ltr'>longo</span> <span class='ocrx_word' id='word_1_261' title='bbox 1090 2128 1280 2176; x_wconf 84' lang='lat' dir='ltr'>tempore</span> <span class='ocrx_word' id='word_1_262' title='bbox 1299 2134 1381 2160; x_wconf 92' lang='lat' dir='ltr'>non</span> <span class='ocrx_word' id='word_1_263' title='bbox 1404 2117 1484 2160; x_wconf 86' lang='lat' dir='ltr'>sse-</span> 
     </span>
     <span class='ocr_line' id='line_1_31' title="bbox 107 2183 1483 2241; baseline -0.001 -17"><span class='ocrx_word' id='word_1_264' title='bbox 107 2183 232 2225; x_wconf 77' lang='lat' dir='ltr'>visti?</span> <span class='ocrx_word' id='word_1_265' title='bbox 259 2202 272 2222; x_wconf 70' lang='grc' dir='ltr'><strong>α</strong></span> <span class='ocrx_word' id='word_1_266' title='bbox 291 2184 453 2226; x_wconf 80' lang='lat' dir='ltr'>Medico</span> <span class='ocrx_word' id='word_1_267' title='bbox 471 2216 481 2232; x_wconf 90' lang='lat'><strong><em>‚</em></strong></span> <span class='ocrx_word' id='word_1_268' title='bbox 519 2199 622 2240; x_wconf 82' lang='lat' dir='ltr'>ergo</span> <span class='ocrx_word' id='word_1_269' title='bbox 655 2185 793 2241; x_wconf 89' lang='lat' dir='ltr'>primo</span> <span class='ocrx_word' id='word_1_270' title='bbox 816 2199 917 2226; x_wconf 86' lang='lat' dir='ltr'>cura</span> <span class='ocrx_word' id='word_1_271' title='bbox 952 2193 992 2226; x_wconf 89' lang='lat' dir='ltr'>te</span> <span class='ocrx_word' id='word_1_272' title='bbox 1018 2183 1198 2241; x_wconf 80' lang='lat' dir='ltr'>ipsum³.</span> <span class='ocrx_word' id='word_1_273' title='bbox 1221 2203 1235 2221; x_wconf 79' lang='lat' dir='ltr'>r»</span> <span class='ocrx_word' id='word_1_274' title='bbox 1271 2183 1309 2226; x_wconf 91' lang='lat' dir='ltr'>O</span> <span class='ocrx_word' id='word_1_275' title='bbox 1335 2183 1483 2224; x_wconf 76' lang='lat' dir='ltr'>fratres</span> 
     </span>
     <span class='ocr_line' id='line_1_32' title="bbox 109 2247 1485 2308; baseline 0 -18"><span class='ocrx_word' id='word_1_276' title='bbox 109 2248 193 2290; x_wconf 88' lang='lat' dir='ltr'>mci</span> <span class='ocrx_word' id='word_1_277' title='bbox 212 2280 224 2297; x_wconf 89' lang='lat'><strong>,</strong></span> <span class='ocrx_word' id='word_1_278' title='bbox 248 2249 478 2291; x_wconf 88' lang='lat' dir='ltr'>Dominum</span> <span class='ocrx_word' id='word_1_279' title='bbox 494 2248 657 2291; x_wconf 84' lang='lat' dir='ltr'>flevisse</span> <span class='ocrx_word' id='word_1_280' title='bbox 675 2265 827 2308; x_wconf 82' lang='lat' dir='ltr'>negare</span> <span class='ocrx_word' id='word_1_281' title='bbox 852 2265 936 2292; x_wconf 92' lang='lat' dir='ltr'>non</span> <span class='ocrx_word' id='word_1_282' title='bbox 961 2251 1121 2298; x_wconf 67' lang='lat' dir='ltr'>andem</span> <span class='ocrx_word' id='word_1_283' title='bbox 1147 2250 1220 2291; x_wconf 85' lang='lat' dir='ltr'>sed</span> <span class='ocrx_word' id='word_1_284' title='bbox 1233 2249 1333 2305; x_wconf 88' lang='lat' dir='ltr'>quid</span> <span class='ocrx_word' id='word_1_285' title='bbox 1350 2247 1485 2290; x_wconf 73' lang='lat' dir='ltr'>flevit?</span> 
     </span>
     <span class='ocr_line' id='line_1_33' title="bbox 111 2312 1485 2372; baseline -0.001 -16"><span class='ocrx_word' id='word_1_286' title='bbox 111 2313 326 2370; x_wconf 86' lang='lat' dir='ltr'>Numquid</span> <span class='ocrx_word' id='word_1_287' title='bbox 345 2313 489 2356; x_wconf 83' lang='lat' dir='ltr'>Lazari</span> <span class='ocrx_word' id='word_1_288' title='bbox 511 2323 689 2356; x_wconf 85' lang='lat' dir='ltr'>mortem</span> <span class='ocrx_word' id='word_1_289' title='bbox 705 2315 723 2357; x_wconf 73' lang='grc' dir='ltr'>Ρ</span> <span class='ocrx_word' id='word_1_290' title='bbox 737 2316 945 2372; x_wconf 88' lang='lat' dir='ltr'>numquid</span> <span class='ocrx_word' id='word_1_291' title='bbox 960 2315 1164 2358; x_wconf 82' lang='lat' dir='ltr'>Lazarum</span> <span class='ocrx_word' id='word_1_292' title='bbox 1182 2312 1485 2357; x_wconf 69' lang='lat' dir='ltr'>dormientem?</span> 
     </span>
     <span class='ocr_line' id='line_1_34' title="bbox 115 2379 1481 2439; baseline -0.001 -17"><span class='ocrx_word' id='word_1_293' title='bbox 115 2379 233 2422; x_wconf 84' lang='lat' dir='ltr'>absit.</span> <span class='ocrx_word' id='word_1_294' title='bbox 264 2380 348 2423; x_wconf 89' lang='lat' dir='ltr'>Sed</span> <span class='ocrx_word' id='word_1_295' title='bbox 364 2381 466 2438; x_wconf 89' lang='lat' dir='ltr'>quid</span> <span class='ocrx_word' id='word_1_296' title='bbox 479 2381 609 2424; x_wconf 86' lang='lat' dir='ltr'>ssebat</span> <span class='ocrx_word' id='word_1_297' title='bbox 624 2382 642 2423; x_wconf 76' lang='lat' dir='ltr'>P</span> <span class='ocrx_word' id='word_1_298' title='bbox 659 2381 761 2439; x_wconf 91' lang='lat' dir='ltr'>quid</span> <span class='ocrx_word' id='word_1_299' title='bbox 779 2381 972 2430; x_wconf 83' lang='lat' dir='ltr'>dolebat,</span> <span class='ocrx_word' id='word_1_300' title='bbox 996 2382 1075 2424; x_wconf 85' lang='lat' dir='ltr'>nisi</span> <span class='ocrx_word' id='word_1_301' title='bbox 1098 2382 1302 2425; x_wconf 83' lang='lat' dir='ltr'>Lazarum</span> <span class='ocrx_word' id='word_1_302' title='bbox 1338 2394 1481 2422; x_wconf 87' lang='lat' dir='ltr'>resur·</span> 
     </span>
    </p>
   </div>
   <div class='ocr_carea' id='block_1_3' title="bbox 164 2487 1164 2529">
    <p class='ocr_par' dir='ltr' id='par_1_5' title="bbox 164 2487 1164 2529">
     <span class='ocr_line' id='line_1_35' title="bbox 164 2487 1164 2529; baseline 0.005 -9"><span class='ocrx_word' id='word_1_303' title='bbox 164 2489 284 2522; x_wconf 85' lang='lat' dir='ltr'>¹Prov.</span> <span class='ocrx_word' id='word_1_304' title='bbox 304 2500 381 2528; x_wconf 77' lang='lat' dir='ltr'>xxx,</span> <span class='ocrx_word' id='word_1_305' title='bbox 399 2490 451 2528; x_wconf 85' lang='lat'>15,</span> <span class='ocrx_word' id='word_1_306' title='bbox 474 2491 526 2521; x_wconf 80' lang='lat'>16.</span> <span class='ocrx_word' id='word_1_307' title='bbox 544 2508 586 2514; x_wconf 90' lang='lat'>-—-</span> <span class='ocrx_word' id='word_1_308' title='bbox 602 2488 616 2512; x_wconf 82' lang='lat'><strong>²</strong></span> <span class='ocrx_word' id='word_1_309' title='bbox 632 2489 711 2524; x_wconf 89' lang='lat' dir='ltr'>Job.</span> <span class='ocrx_word' id='word_1_310' title='bbox 735 2502 764 2529; x_wconf 73' lang='grc' dir='ltr'>ι,</span> <span class='ocrx_word' id='word_1_311' title='bbox 785 2501 837 2522; x_wconf 78' lang='lat'>21.</span> <span class='ocrx_word' id='word_1_312' title='bbox 858 2509 898 2514; x_wconf 92' lang='lat'>—</span> <span class='ocrx_word' id='word_1_313' title='bbox 919 2487 1024 2524; x_wconf 64' lang='lat' dir='ltr'>3&gt;Luc.</span> <span class='ocrx_word' id='word_1_314' title='bbox 1045 2501 1087 2527; x_wconf 72' lang='lat' dir='ltr'>iv,</span> <span class='ocrx_word' id='word_1_315' title='bbox 1107 2490 1164 2525; x_wconf 66' lang='lat'>230</span> 
     </span>
    </p>
   </div>
   <div class='ocr_carea' id='block_1_4' title="bbox 165 2569 840 2617">
    <p class='ocr_par' dir='ltr' id='par_1_6' title="bbox 165 2569 840 2617">
     <span class='ocr_line' id='line_1_36' title="bbox 165 2569 840 2617; baseline 0.001 -14"><span class='ocrx_word' id='word_1_316' title='bbox 165 2569 213 2611; x_wconf 58' lang='grc' dir='ltr'>(ι)</span> <span class='ocrx_word' id='word_1_317' title='bbox 232 2573 330 2604; x_wconf 78' lang='lat' dir='ltr'>Deest</span> <span class='ocrx_word' id='word_1_318' title='bbox 348 2583 414 2603; x_wconf 82' lang='lat' dir='ltr'>non</span> <span class='ocrx_word' id='word_1_319' title='bbox 430 2571 462 2604; x_wconf 92' lang='lat' dir='ltr'>in</span> <span class='ocrx_word' id='word_1_320' title='bbox 478 2572 562 2613; x_wconf 82' lang='lat' dir='ltr'>cod.,</span> <span class='ocrx_word' id='word_1_321' title='bbox 579 2578 609 2604; x_wconf 84' lang='lat' dir='ltr'>et</span> <span class='ocrx_word' id='word_1_322' title='bbox 623 2572 668 2605; x_wconf 83' lang='lat' dir='ltr'>sic</span> <span class='ocrx_word' id='word_1_323' title='bbox 680 2572 840 2617; x_wconf 78' lang='lat' dir='ltr'>deinceps.</span> 
     </span>
    </p>
   </div>
  </div>
 </body>
</html>
