1885 3284
180 335 325 370 SERMO
358 337 520 380 XCVIII,
559 338 655 370 SIVE
691 337 857 370 ORATIO
894 338 949 369 DE
987 337 1160 369 SPIRITU
1200 338 1383 370 SANCTO.
1459 326 1538 373 131

181 401 300 460 cisti,
325 403 571 450 Susannam
587 403 863 450 innocentem
882 402 1075 450 liberasti
1092 441 1102 460 ‚
1127 403 1430 464 Magdalenam
1453 423 1543 470 sep-

181 481 265 518 tem
290 473 519 519 daemoniis
559 473 731 538 plenam
770 473 990 538 respexisti
1009 510 1020 528 ‚
1062 483 1104 519 et
1140 474 1278 520 multa
1318 473 1551 522 dilectione

179 542 390 606 repletam
414 544 725 607 Apostolorum
739 544 978 608 apostolam
999 544 1288 600 constituisti3
1317 546 1550 592 Latronem

180 612 228 658 in
243 630 374 660 cruce
383 614 564 661 visitasti
579 651 590 670 ,
609 626 650 661 et
670 615 836 661 socium
850 615 1015 661 Christi
1033 614 1183 661 eadem
1199 616 1269 661 die
1283 617 1328 662 in
1342 617 1552 664 Paradiso

181 684 394 738 statuisti;
420 684 522 730 flere
544 684 682 731 fecisti
703 696 965 749 apostatam,
988 696 1029 732 et
1045 703 1142 732 eum
1156 685 1366 733 ordinasti
1383 689 1426 733 in
1441 704 1553 734 sum-

181 770 305 801 mum
328 755 589 802 Pontificem
608 776 618 810 ;
644 757 805 803 vocasti
829 757 1126 803 Publicanum
1141 794 1152 813 ‚
1174 768 1216 802 et
1249 760 1553 818 evangelistam

182 825 442 872 consecrasti
463 847 474 882 ;
500 828 751 890 percussisti
765 839 1107 891 persecutorem,
1125 838 1166 874 et
1184 828 1353 874 erexisti
1372 829 1417 874 in
1434 847 1553 875 sum-

182 911 304 941 mum
328 895 582 953 doctorem3
608 896 868 943 descendisti
883 898 927 943 in
947 897 1139 944 tumidos
1163 901 1186 943 J
1192 897 1367 956 udaeos‚
1388 910 1428 944 et
1445 901 1554 946 omi-

182 965 273 1011 sisti
306 983 376 1012 eos
421 966 711 1013 audacissima
754 968 957 1014 doctrina
1003 968 1312 1016 inflammatos.
1369 970 1557 1016 Domine

183 1047 329 1083 sancte
346 1075 356 1093 ‚
401 1054 503 1084 cum
540 1039 700 1085 horum
725 1050 870 1086 mente
894 1039 1157 1096 meminero,
1190 1041 1376 1087 excitant
1399 1058 1467 1088 me
1496 1042 1557 1087 sic

184 1105 350 1171 alloqui
370 1108 453 1154 tibi
469 1145 482 1165 ‚
506 1121 549 1155 et
571 1109 661 1155 scio
677 1127 777 1157 vere
797 1111 900 1173 quia
921 1120 969 1156 tu
997 1110 1185 1156 docuisti
1201 1127 1268 1156 me
1285 1112 1345 1158 sic
1367 1112 1448 1158 tibi
1465 1129 1556 1158 res-

183 1178 377 1241 pondere
398 1200 409 1233 ;
430 1190 472 1225 et
492 1180 551 1226 ob
570 1179 660 1227 hoc
680 1181 735 1227 ad
752 1192 791 1226 te
816 1182 987 1245 suspiro
1006 1218 1017 1238 ,
1043 1183 1097 1227 ad
1117 1193 1157 1227 te
1181 1181 1400 1243 confugio.
1424 1183 1558 1240 Audi,

184 1264 354 1294 summa
378 1250 626 1311 benignitas
646 1288 656 1307 ‚
680 1262 722 1297 et
738 1269 826 1298 non
851 1253 1050 1298 incurrat
1072 1253 1415 1313 indignationem
1439 1265 1557 1301 tuam

188 1328 262 1364 tua
281 1319 437 1366 misera
462 1333 675 1368 creatura.
715 1322 761 1368 Si
793 1322 921 1386 plura
951 1334 1051 1369 sunt
1074 1323 1233 1369 scelera
1256 1342 1351 1371 mea
1376 1362 1387 1380 ,
1425 1342 1560 1390 quam

185 1390 381 1436 omnium
406 1407 586 1448 eorum,
625 1409 735 1455 quos
758 1394 803 1438 in
837 1393 1082 1456 exemplum
1127 1404 1213 1440 tuae
1249 1395 1561 1443 misericordiae

185 1461 408 1515 revocavi,
426 1461 566 1507 multo
579 1466 720 1522 major
736 1473 798 1508 est
815 1463 1113 1509 misericordia
1132 1474 1207 1510 tua
1225 1502 1235 1519 ‚
1251 1467 1354 1528 quia
1367 1467 1557 1522 infinita,

185 1545 317 1593 quam
344 1529 554 1594 iniquitas
589 1549 710 1589 mea,
746 1533 819 1578 cui
858 1549 986 1597 aeque
1018 1532 1226 1580 facillime
1250 1547 1312 1581 est
1342 1537 1560 1583 remittere

185 1599 326 1647 multa
347 1600 487 1646 millia
510 1612 721 1665 peccata,
749 1613 798 1648 ut
812 1619 947 1648 unum
967 1603 1123 1651 solum.
1153 1603 1254 1650 Scio
1270 1605 1394 1669 quod
1407 1606 1563 1671 aliquis

186 1669 232 1715 in
257 1686 336 1716 suo
361 1671 534 1717 mortali
568 1683 751 1735 peccato
794 1673 977 1719 decessit
1006 1674 1238 1736 praescitus
1261 1675 1316 1721 ad
1340 1688 1528 1722 mortem
1547 1715 1559 1734 ‚

188 1739 298 1786 alius
322 1751 422 1804 post
439 1741 557 1787 mille
570 1754 750 1805 peccata
771 1745 1000 1790 commissa
1018 1756 1258 1792 reservatus
1270 1757 1332 1792 est
1351 1747 1564 1804 decedens

189 1810 364 1857 tandem
390 1812 728 1875 praedestinatus
748 1814 802 1859 ad
829 1815 978 1862 vitam.
1010 1817 1066 1862 Et
1091 1817 1137 1862 in
1154 1816 1224 1862 his
1245 1817 1377 1880 quid,
1403 1816 1564 1865 dulcis-

189 1881 295 1927 sime
315 1918 328 1937 ,
355 1882 438 1928 nisi
462 1881 568 1929 hinc
593 1894 667 1929 tua
696 1884 993 1932 misericordia
1009 1922 1020 1944 ‚
1050 1886 1172 1933 illinc
1192 1898 1267 1933 tua
1277 1889 1447 1948 Justitia
1468 1906 1564 1939 ma-

190 1949 342 1997 nifeste
365 1952 591 2016 aperitur?
627 1954 801 2000 Accidit
831 1957 878 2001 in
904 1955 998 2002 aliis
1022 1956 1197 2004 duobus
1228 1958 1349 2022 quod
1389 1959 1565 2023 utrique

189 2031 290 2085 post
305 2021 445 2068 multa
465 2034 507 2068 et
529 2040 686 2084 magna
710 2036 894 2088 peccata
931 2027 1133 2073 mortalia
1167 2028 1333 2075 diutius
1360 2029 1567 2075 reservati

191 2102 314 2149 sunt,
333 2106 375 2138 et
399 2092 446 2137 in
471 2093 603 2139 finem
629 2094 737 2141 alter
755 2095 812 2141 ad
832 2096 966 2143 vitam
982 2134 994 2154 ‚
1027 2097 1135 2144 alter
1158 2098 1213 2145 ad
1232 2116 1412 2163 poenam
1435 2110 1565 2145 aeter-

191 2165 321 2208 nam‘?
345 2162 468 2220 Quid
493 2164 610 2210 enim
626 2201 637 2220 ‚
668 2166 977 2227 benignissime
992 2204 1003 2226 ,
1025 2169 1070 2214 in
1089 2169 1183 2225 his,
1206 2170 1288 2216 nisi
1311 2181 1360 2216 tu
1382 2181 1456 2216 tua
1481 2169 1563 2216 be-

192 2232 444 2292 nignissima
466 2234 765 2282 misericordia
783 2237 829 2283 in
861 2255 903 2283 se
929 2238 1137 2285 uniformi
1159 2238 1250 2302 (1),
1274 2239 1566 2286 diversimode

194 2312 339 2347 tamen
358 2305 584 2366 operaris?
604 2305 694 2352 Nec
716 2324 816 2367 ergo
842 2308 919 2354 dat
945 2309 1253 2355 certitudinem
1267 2311 1369 2356 vitae
1393 2321 1567 2356 aeternae

194 2372 395 2439 paucitas
411 2385 697 2437 peccatorum
715 2412 724 2430 ‚
753 2394 832 2424 nec
857 2377 1208 2442 desperationem
1231 2380 1400 2427 confert
1422 2374 1567 2427 multi-

195 2441 305 2511 tudo
328 2443 553 2494 scelerum.
583 2446 671 2494 Sed
697 2449 907 2512 quoniam
926 2451 1079 2498 melior
1098 2462 1160 2498 est
1176 2452 1476 2500 misericordia
1496 2463 1569 2514 tua

198 2530 330 2578 super
352 2515 463 2562 vitas
478 2554 490 2574 ‚
514 2517 634 2564 illam
655 2520 839 2578 invoc0‚
866 2521 986 2568 illam
1009 2522 1206 2570 desidero
1227 2561 1238 2581 ,
1265 2523 1330 2571 illi
1350 2524 1464 2570 mihi
1487 2523 1570 2570 ad-

243 2640 292 2682 (1)
311 2641 391 2673 Cod.
404 2643 460 2674 uni
475 2645 579 2676 ormis.
