<?xml version="1.0" encoding="UTF-8"?>
<!DOCTYPE html PUBLIC "-//W3C//DTD XHTML 1.0 Transitional//EN"
    "http://www.w3.org/TR/xhtml1/DTD/xhtml1-transitional.dtd">
<html xmlns="http://www.w3.org/1999/xhtml" xml:lang="en" lang="en">
 <head>
  <title>
</title>
<meta http-equiv="Content-Type" content="text/html;charset=utf-8" />
  <meta name='ocr-system' content='tesseract 3.04.00' />
  <meta name='ocr-capabilities' content='ocr_page ocr_carea ocr_par ocr_line ocrx_word'/>
</head>
<body>
  <div class='ocr_page' id='page_1' title='image "./p2operaomniaaccu24auguuoft_0251.png"; bbox 0 0 1885 3284; ppageno 0'>
   <div class='ocr_carea' id='block_1_1' title="bbox 337 266 1481 323">
    <p class='ocr_par' dir='ltr' id='par_1_1' title="bbox 337 266 1481 323">
     <span class='ocr_line' id='line_1_1' title="bbox 337 266 1481 323; baseline 0 -12"><span class='ocrx_word' id='word_1_1' title='bbox 337 280 479 313; x_wconf 76' lang='lat' dir='ltr'>sEnMo</span> <span class='ocrx_word' id='word_1_2' title='bbox 516 280 617 321; x_wconf 68' lang='grc' dir='ltr'>ην,</span> <span class='ocrx_word' id='word_1_3' title='bbox 655 280 709 312; x_wconf 84' lang='lat' dir='ltr'>DE</span> <span class='ocrx_word' id='word_1_4' title='bbox 747 279 959 311; x_wconf 76' lang='lat' dir='ltr'>rAss10NE</span> <span class='ocrx_word' id='word_1_5' title='bbox 996 280 1159 310; x_wconf 72' lang='lat' dir='ltr'>nomm</span> <span class='ocrx_word' id='word_1_6' title='bbox 1198 281 1257 311; x_wconf 76' lang='lat' dir='ltr'>ix.</span> <span class='ocrx_word' id='word_1_7' title='bbox 1396 266 1481 323; x_wconf 66' lang='lat'>24¹</span> 
     </span>
    </p>
   </div>
   <div class='ocr_carea' id='block_1_2' title="bbox 121 344 1516 2237">
    <p class='ocr_par' dir='ltr' id='par_1_2' title="bbox 121 344 1507 1383">
     <span class='ocr_line' id='line_1_2' title="bbox 121 344 1487 403; baseline -0.002 -12"><span class='ocrx_word' id='word_1_8' title='bbox 121 363 198 392; x_wconf 91' lang='lat' dir='ltr'>cur</span> <span class='ocrx_word' id='word_1_9' title='bbox 222 361 306 390; x_wconf 89' lang='lat' dir='ltr'>non</span> <span class='ocrx_word' id='word_1_10' title='bbox 329 346 562 388; x_wconf 91' lang='lat' dir='ltr'>recordaris</span> <span class='ocrx_word' id='word_1_11' title='bbox 581 379 589 393; x_wconf 91' lang='lat'><em>,</em></span> <span class='ocrx_word' id='word_1_12' title='bbox 612 345 712 402; x_wconf 90' lang='lat' dir='ltr'>quid</span> <span class='ocrx_word' id='word_1_13' title='bbox 729 345 828 388; x_wconf 87' lang='lat' dir='ltr'>fecit</span> <span class='ocrx_word' id='word_1_14' title='bbox 849 344 1045 402; x_wconf 83' lang='lat' dir='ltr'>Magister</span> <span class='ocrx_word' id='word_1_15' title='bbox 1065 344 1392 403; x_wconf 72' lang='lat' dir='ltr'><strong>languentibus?</strong></span> <span class='ocrx_word' id='word_1_16' title='bbox 1411 360 1487 388; x_wconf 86' lang='lat' dir='ltr'>cur</span> 
     </span>
     <span class='ocr_line' id='line_1_3' title="bbox 122 410 1488 457; baseline -0.002 0"><span class='ocrx_word' id='word_1_17' title='bbox 122 421 387 457; x_wconf 81' lang='lat' dir='ltr'>mortuorum</span> <span class='ocrx_word' id='word_1_18' title='bbox 412 411 770 454; x_wconf 78' lang='lat' dir='ltr'><strong>resuscitationem</strong></span> <span class='ocrx_word' id='word_1_19' title='bbox 798 426 880 454; x_wconf 92' lang='lat' dir='ltr'>non</span> <span class='ocrx_word' id='word_1_20' title='bbox 914 410 1188 454; x_wconf 77' lang='lat' dir='ltr'>recordaris?</span> <span class='ocrx_word' id='word_1_21' title='bbox 1225 425 1301 453; x_wconf 89' lang='lat' dir='ltr'>cur</span> <span class='ocrx_word' id='word_1_22' title='bbox 1334 411 1488 454; x_wconf 82' lang='lat' dir='ltr'>benefi-</span> 
     </span>
     <span class='ocr_line' id='line_1_4' title="bbox 123 475 1492 534; baseline -0.004 -11"><span class='ocrx_word' id='word_1_23' title='bbox 123 480 285 523; x_wconf 90' lang='lat' dir='ltr'>ciorum</span> <span class='ocrx_word' id='word_1_24' title='bbox 302 478 377 521; x_wconf 90' lang='lat' dir='ltr'>tibi</span> <span class='ocrx_word' id='word_1_25' title='bbox 401 477 613 520; x_wconf 87' lang='lat' dir='ltr'>illatorum</span> <span class='ocrx_word' id='word_1_26' title='bbox 637 492 721 519; x_wconf 93' lang='lat' dir='ltr'>non</span> <span class='ocrx_word' id='word_1_27' title='bbox 745 476 974 520; x_wconf 80' lang='lat' dir='ltr'>meminis?</span> <span class='ocrx_word' id='word_1_28' title='bbox 1009 477 1092 519; x_wconf 87' lang='lat' dir='ltr'>Has</span> <span class='ocrx_word' id='word_1_29' title='bbox 1126 477 1236 519; x_wconf 87' lang='lat' dir='ltr'>vices</span> <span class='ocrx_word' id='word_1_30' title='bbox 1264 475 1492 534; x_wconf 78' lang='lat' dir='ltr'><strong>persolvis?</strong></span> 
     </span>
     <span class='ocr_line' id='line_1_5' title="bbox 123 539 1492 599; baseline -0.004 -11"><span class='ocrx_word' id='word_1_31' title='bbox 123 545 214 588; x_wconf 85' lang='lat' dir='ltr'>haec</span> <span class='ocrx_word' id='word_1_32' title='bbox 236 542 442 587; x_wconf 86' lang='lat' dir='ltr'>beneficia</span> <span class='ocrx_word' id='word_1_33' title='bbox 464 542 661 599; x_wconf 89' lang='lat' dir='ltr'>Magistro</span> <span class='ocrx_word' id='word_1_34' title='bbox 682 540 1010 598; x_wconf 72' lang='lat' dir='ltr'>recompensas?</span> <span class='ocrx_word' id='word_1_35' title='bbox 1033 539 1114 583; x_wconf 89' lang='lat' dir='ltr'>hoc</span> <span class='ocrx_word' id='word_1_36' title='bbox 1134 540 1211 598; x_wconf 92' lang='lat' dir='ltr'>ipsi</span> <span class='ocrx_word' id='word_1_37' title='bbox 1247 541 1308 596; x_wconf 86' lang='lat'>(1)</span> <span class='ocrx_word' id='word_1_38' title='bbox 1331 541 1492 598; x_wconf 80' lang='lat' dir='ltr'>persol—</span> 
     </span>
     <span class='ocr_line' id='line_1_6' title="bbox 123 605 1495 663; baseline -0.004 -9"><span class='ocrx_word' id='word_1_39' title='bbox 123 609 220 654; x_wconf 79' lang='lat' dir='ltr'>vis?</span> <span class='ocrx_word' id='word_1_40' title='bbox 252 628 267 648; x_wconf 77' lang='grc' dir='ltr'><strong>α</strong></span> <span class='ocrx_word' id='word_1_41' title='bbox 289 609 404 661; x_wconf 85' lang='lat' dir='ltr'><strong>Quid</strong></span> <span class='ocrx_word' id='word_1_42' title='bbox 421 609 544 650; x_wconf 87' lang='lat' dir='ltr'>vultis</span> <span class='ocrx_word' id='word_1_43' title='bbox 566 607 669 650; x_wconf 91' lang='lat' dir='ltr'>mihi</span> <span class='ocrx_word' id='word_1_44' title='bbox 689 608 787 649; x_wconf 88' lang='lat' dir='ltr'>dare</span> <span class='ocrx_word' id='word_1_45' title='bbox 806 606 824 648; x_wconf 73' lang='grc' dir='ltr'>Ξ)</span> <span class='ocrx_word' id='word_1_46' title='bbox 841 625 856 646; x_wconf 75' lang='grc' dir='ltr'>ι»</span> <span class='ocrx_word' id='word_1_47' title='bbox 898 606 934 650; x_wconf 96' lang='grc' dir='ltr'><strong>Ο</strong></span> <span class='ocrx_word' id='word_1_48' title='bbox 951 606 1052 648; x_wconf 87' lang='lat' dir='ltr'>falsa</span> <span class='ocrx_word' id='word_1_49' title='bbox 1073 605 1280 663; x_wconf 84' lang='lat' dir='ltr'>cupiditas</span> <span class='ocrx_word' id='word_1_50' title='bbox 1303 606 1495 663; x_wconf 87' lang='lat' dir='ltr'>prodito-</span> 
     </span>
     <span class='ocr_line' id='line_1_7' title="bbox 124 671 1495 730; baseline -0.001 -12"><span class='ocrx_word' id='word_1_51' title='bbox 124 676 205 719; x_wconf 87' lang='lat' dir='ltr'>ris!</span> <span class='ocrx_word' id='word_1_52' title='bbox 231 675 392 717; x_wconf 88' lang='lat' dir='ltr'>Cuncta</span> <span class='ocrx_word' id='word_1_53' title='bbox 414 674 526 716; x_wconf 89' lang='lat' dir='ltr'>enim</span> <span class='ocrx_word' id='word_1_54' title='bbox 542 675 652 715; x_wconf 88' lang='lat' dir='ltr'>mala</span> <span class='ocrx_word' id='word_1_55' title='bbox 673 673 878 730; x_wconf 78' lang='lat' dir='ltr'>cupiditas</span> <span class='ocrx_word' id='word_1_56' title='bbox 900 673 1149 730; x_wconf 87' lang='lat' dir='ltr'>procreavit.</span> <span class='ocrx_word' id='word_1_57' title='bbox 1180 671 1266 714; x_wconf 91' lang='lat' dir='ltr'>Hac</span> <span class='ocrx_word' id='word_1_58' title='bbox 1286 671 1495 721; x_wconf 83' lang='lat' dir='ltr'>affectata,</span> 
     </span>
     <span class='ocr_line' id='line_1_8' title="bbox 123 736 1498 799; baseline -0.003 -15"><span class='ocrx_word' id='word_1_59' title='bbox 123 741 369 799; x_wconf 80' lang='lat' dir='ltr'>Magistrum</span> <span class='ocrx_word' id='word_1_60' title='bbox 393 738 566 781; x_wconf 81' lang='lat' dir='ltr'>tradidit</span> <span class='ocrx_word' id='word_1_61' title='bbox 585 737 742 785; x_wconf 83' lang='lat' dir='ltr'>Judas;</span> <span class='ocrx_word' id='word_1_62' title='bbox 764 753 859 780; x_wconf 92' lang='lat' dir='ltr'>nam</span> <span class='ocrx_word' id='word_1_63' title='bbox 879 737 1086 796; x_wconf 86' lang='lat' dir='ltr'>cupiditas</span> <span class='ocrx_word' id='word_1_64' title='bbox 1104 736 1350 794; x_wconf 87' lang='lat' dir='ltr'>hujusmodi</span> <span class='ocrx_word' id='word_1_65' title='bbox 1375 738 1498 780; x_wconf 88' lang='lat' dir='ltr'>sorti-</span> 
     </span>
     <span class='ocr_line' id='line_1_9' title="bbox 126 803 1498 861; baseline -0.003 -10"><span class='ocrx_word' id='word_1_66' title='bbox 126 817 193 851; x_wconf 90' lang='lat' dir='ltr'>tus</span> <span class='ocrx_word' id='word_1_67' title='bbox 212 815 275 850; x_wconf 92' lang='lat' dir='ltr'>est</span> <span class='ocrx_word' id='word_1_68' title='bbox 294 815 513 854; x_wconf 87' lang='lat' dir='ltr'>naturam;</span> <span class='ocrx_word' id='word_1_69' title='bbox 558 813 704 861; x_wconf 87' lang='lat' dir='ltr'>captas</span> <span class='ocrx_word' id='word_1_70' title='bbox 735 804 896 847; x_wconf 90' lang='lat' dir='ltr'>animas</span> <span class='ocrx_word' id='word_1_71' title='bbox 919 804 1090 853; x_wconf 87' lang='lat' dir='ltr'>retinet,</span> <span class='ocrx_word' id='word_1_72' title='bbox 1117 812 1161 846; x_wconf 88' lang='lat' dir='ltr'>et</span> <span class='ocrx_word' id='word_1_73' title='bbox 1181 803 1378 847; x_wconf 86' lang='lat' dir='ltr'>omnihus</span> <span class='ocrx_word' id='word_1_74' title='bbox 1405 805 1498 847; x_wconf 88' lang='lat' dir='ltr'>alli-</span> 
     </span>
     <span class='ocr_line' id='line_1_10' title="bbox 125 869 1496 932; baseline -0.001 -16"><span class='ocrx_word' id='word_1_75' title='bbox 125 881 239 932; x_wconf 88' lang='lat' dir='ltr'>gatas</span> <span class='ocrx_word' id='word_1_76' title='bbox 255 871 379 914; x_wconf 89' lang='lat' dir='ltr'>nodis</span> <span class='ocrx_word' id='word_1_77' title='bbox 402 870 612 928; x_wconf 86' lang='lat' dir='ltr'>astringit,</span> <span class='ocrx_word' id='word_1_78' title='bbox 630 870 759 913; x_wconf 89' lang='lat' dir='ltr'>etDei</span> <span class='ocrx_word' id='word_1_79' title='bbox 777 870 834 927; x_wconf 82' lang='lat'>(2)</span> <span class='ocrx_word' id='word_1_80' title='bbox 853 870 894 912; x_wconf 94' lang='lat' dir='ltr'>in</span> <span class='ocrx_word' id='word_1_81' title='bbox 908 870 1072 913; x_wconf 89' lang='lat' dir='ltr'>cunctis</span> <span class='ocrx_word' id='word_1_82' title='bbox 1093 869 1347 912; x_wconf 89' lang='lat' dir='ltr'>oblivionem</span> <span class='ocrx_word' id='word_1_83' title='bbox 1361 871 1496 928; x_wconf 89' lang='lat' dir='ltr'>ponit,</span> 
     </span>
     <span class='ocr_line' id='line_1_11' title="bbox 125 935 1500 993; baseline -0.002 -11"><span class='ocrx_word' id='word_1_84' title='bbox 125 948 168 982; x_wconf 90' lang='lat' dir='ltr'>et</span> <span class='ocrx_word' id='word_1_85' title='bbox 191 937 485 980; x_wconf 82' lang='lat' dir='ltr'>alienationem</span> <span class='ocrx_word' id='word_1_86' title='bbox 508 935 661 978; x_wconf 88' lang='lat' dir='ltr'>mentis</span> <span class='ocrx_word' id='word_1_87' title='bbox 692 936 765 978; x_wconf 90' lang='lat' dir='ltr'>diu</span> <span class='ocrx_word' id='word_1_88' title='bbox 799 944 1015 992; x_wconf 88' lang='lat' dir='ltr'>noctuque</span> <span class='ocrx_word' id='word_1_89' title='bbox 1051 935 1244 993; x_wconf 86' lang='lat' dir='ltr'>imponit.</span> <span class='ocrx_word' id='word_1_90' title='bbox 1282 935 1332 978; x_wconf 87' lang='lat' dir='ltr'>Et</span> <span class='ocrx_word' id='word_1_91' title='bbox 1366 935 1500 979; x_wconf 87' lang='lat' dir='ltr'>Judas</span> 
     </span>
     <span class='ocr_line' id='line_1_12' title="bbox 127 999 1504 1061; baseline -0.003 -14"><span class='ocrx_word' id='word_1_92' title='bbox 127 1012 275 1061; x_wconf 91' lang='lat' dir='ltr'>captus</span> <span class='ocrx_word' id='word_1_93' title='bbox 297 1001 554 1060; x_wconf 87' lang='lat' dir='ltr'>cupiditate,</span> <span class='ocrx_word' id='word_1_94' title='bbox 583 999 791 1044; x_wconf 87' lang='lat' dir='ltr'>beneficia</span> <span class='ocrx_word' id='word_1_95' title='bbox 819 1010 972 1044; x_wconf 87' lang='lat' dir='ltr'>cuncta</span> <span class='ocrx_word' id='word_1_96' title='bbox 995 1001 1179 1059; x_wconf 83' lang='lat' dir='ltr'>respuit,</span> <span class='ocrx_word' id='word_1_97' title='bbox 1204 1009 1247 1043; x_wconf 90' lang='lat' dir='ltr'>et</span> <span class='ocrx_word' id='word_1_98' title='bbox 1278 1001 1420 1059; x_wconf 83' lang='lat' dir='ltr'>gratiae</span> <span class='ocrx_word' id='word_1_99' title='bbox 1444 1001 1504 1057; x_wconf 65' lang='lat' dir='ltr'>(a)</span> 
     </span>
     <span class='ocr_line' id='line_1_13' title="bbox 127 1065 1505 1126; baseline -0.002 -15"><span class='ocrx_word' id='word_1_100' title='bbox 127 1067 382 1126; x_wconf 70' lang='lat' dir='ltr'>apostolatus</span> <span class='ocrx_word' id='word_1_101' title='bbox 405 1065 562 1108; x_wconf 87' lang='lat' dir='ltr'>oblitus</span> <span class='ocrx_word' id='word_1_102' title='bbox 582 1073 672 1117; x_wconf 86' lang='lat' dir='ltr'>est,</span> <span class='ocrx_word' id='word_1_103' title='bbox 698 1066 896 1124; x_wconf 87' lang='lat' dir='ltr'>phrenesi</span> <span class='ocrx_word' id='word_1_104' title='bbox 923 1065 1150 1124; x_wconf 88' lang='lat' dir='ltr'>impeditus</span> <span class='ocrx_word' id='word_1_105' title='bbox 1176 1066 1430 1124; x_wconf 82' lang='lat' dir='ltr'>cupiditatis.</span> <span class='ocrx_word' id='word_1_106' title='bbox 1452 1066 1505 1109; x_wconf 89' lang='lat' dir='ltr'>Et</span> 
     </span>
     <span class='ocr_line' id='line_1_14' title="bbox 127 1130 1507 1188; baseline -0.001 -12"><span class='ocrx_word' id='word_1_107' title='bbox 127 1133 222 1176; x_wconf 89' lang='lat' dir='ltr'>ideo</span> <span class='ocrx_word' id='word_1_108' title='bbox 243 1133 395 1175; x_wconf 88' lang='lat' dir='ltr'>Paulus</span> <span class='ocrx_word' id='word_1_109' title='bbox 412 1130 598 1174; x_wconf 83' lang='lat' dir='ltr'>radicem</span> <span class='ocrx_word' id='word_1_110' title='bbox 622 1132 812 1173; x_wconf 88' lang='lat' dir='ltr'>omnium</span> <span class='ocrx_word' id='word_1_111' title='bbox 832 1132 1037 1174; x_wconf 90' lang='lat' dir='ltr'>malorum</span> <span class='ocrx_word' id='word_1_112' title='bbox 1057 1131 1332 1188; x_wconf 83' lang='lat' dir='ltr'>cupiditatem</span> <span class='ocrx_word' id='word_1_113' title='bbox 1354 1131 1507 1174; x_wconf 88' lang='lat' dir='ltr'>merito</span> 
     </span>
     <span class='ocr_line' id='line_1_15' title="bbox 129 1195 1505 1257; baseline -0.002 -16"><span class='ocrx_word' id='word_1_114' title='bbox 129 1196 394 1257; x_wconf 79' lang='lat' dir='ltr'>appellavit¹.</span> <span class='ocrx_word' id='word_1_115' title='bbox 421 1195 488 1239; x_wconf 90' lang='lat' dir='ltr'>Sic</span> <span class='ocrx_word' id='word_1_116' title='bbox 510 1196 622 1239; x_wconf 90' lang='lat' dir='ltr'>enim</span> <span class='ocrx_word' id='word_1_117' title='bbox 640 1211 716 1254; x_wconf 87' lang='lat' dir='ltr'>per</span> <span class='ocrx_word' id='word_1_118' title='bbox 738 1196 953 1239; x_wconf 87' lang='lat' dir='ltr'>avaritiam</span> <span class='ocrx_word' id='word_1_119' title='bbox 976 1197 1172 1255; x_wconf 89' lang='lat' dir='ltr'>proditur</span> <span class='ocrx_word' id='word_1_120' title='bbox 1202 1197 1260 1252; x_wconf 73' lang='lat'>(4)</span> <span class='ocrx_word' id='word_1_121' title='bbox 1282 1197 1505 1245; x_wconf 81' lang='lat' dir='ltr'>Dominus3</span> 
     </span>
     <span class='ocr_line' id='line_1_16' title="bbox 129 1260 1506 1319; baseline -0.004 -12"><span class='ocrx_word' id='word_1_122' title='bbox 129 1263 189 1307; x_wconf 89' lang='lat' dir='ltr'>sic</span> <span class='ocrx_word' id='word_1_123' title='bbox 211 1263 254 1306; x_wconf 89' lang='lat' dir='ltr'>in</span> <span class='ocrx_word' id='word_1_124' title='bbox 277 1261 401 1305; x_wconf 91' lang='lat' dir='ltr'>horto</span> <span class='ocrx_word' id='word_1_125' title='bbox 419 1261 602 1318; x_wconf 90' lang='lat' dir='ltr'>capitur,</span> <span class='ocrx_word' id='word_1_126' title='bbox 639 1270 686 1303; x_wconf 91' lang='lat' dir='ltr'>ut</span> <span class='ocrx_word' id='word_1_127' title='bbox 719 1269 945 1318; x_wconf 91' lang='lat' dir='ltr'>peccatum</span> <span class='ocrx_word' id='word_1_128' title='bbox 969 1263 1084 1319; x_wconf 88' lang='lat' dir='ltr'>quod</span> <span class='ocrx_word' id='word_1_129' title='bbox 1109 1261 1151 1302; x_wconf 90' lang='lat' dir='ltr'>in</span> <span class='ocrx_word' id='word_1_130' title='bbox 1173 1260 1298 1303; x_wconf 92' lang='lat' dir='ltr'>horto</span> <span class='ocrx_word' id='word_1_131' title='bbox 1321 1260 1506 1304; x_wconf 87' lang='lat' dir='ltr'>Paradisi</span> 
     </span>
     <span class='ocr_line' id='line_1_17' title="bbox 129 1325 1110 1383; baseline -0.002 -12"><span class='ocrx_word' id='word_1_132' title='bbox 129 1328 264 1371; x_wconf 84' lang='lat' dir='ltr'>Adam</span> <span class='ocrx_word' id='word_1_133' title='bbox 283 1325 520 1374; x_wconf 91' lang='lat' dir='ltr'>commisit,</span> <span class='ocrx_word' id='word_1_134' title='bbox 543 1340 615 1368; x_wconf 85' lang='lat' dir='ltr'>sua</span> <span class='ocrx_word' id='word_1_135' title='bbox 636 1326 831 1383; x_wconf 83' lang='lat' dir='ltr'>captione</span> <span class='ocrx_word' id='word_1_136' title='bbox 849 1326 1009 1368; x_wconf 87' lang='lat' dir='ltr'>deleret</span> <span class='ocrx_word' id='word_1_137' title='bbox 1037 1327 1110 1382; x_wconf 81' lang='lat'>(5).</span> 
     </span>
    </p>

    <p class='ocr_par' dir='ltr' id='par_1_3' title="bbox 129 1390 1516 2237">
     <span class='ocr_line' id='line_1_18' title="bbox 189 1390 1511 1448; baseline -0.002 -13"><span class='ocrx_word' id='word_1_138' title='bbox 189 1391 278 1435; x_wconf 79' lang='lat' dir='ltr'><strong>VII.</strong></span> <span class='ocrx_word' id='word_1_139' title='bbox 296 1391 381 1434; x_wconf 84' lang='lat' dir='ltr'>Sed</span> <span class='ocrx_word' id='word_1_140' title='bbox 404 1391 514 1433; x_wconf 88' lang='lat' dir='ltr'>dicet</span> <span class='ocrx_word' id='word_1_141' title='bbox 537 1391 629 1448; x_wconf 91' lang='lat' dir='ltr'>quis</span> <span class='ocrx_word' id='word_1_142' title='bbox 655 1407 664 1432; x_wconf 76' lang='lat' dir='ltr'><strong><em>z</em></strong></span> <span class='ocrx_word' id='word_1_143' title='bbox 686 1391 774 1434; x_wconf 90' lang='lat' dir='ltr'>Cur</span> <span class='ocrx_word' id='word_1_144' title='bbox 794 1391 908 1434; x_wconf 86' lang='lat' dir='ltr'>Deus</span> <span class='ocrx_word' id='word_1_145' title='bbox 925 1406 946 1432; x_wconf 88' lang='lat' dir='ltr'>a</span> <span class='ocrx_word' id='word_1_146' title='bbox 968 1400 1084 1434; x_wconf 90' lang='lat' dir='ltr'>tanto</span> <span class='ocrx_word' id='word_1_147' title='bbox 1110 1392 1211 1434; x_wconf 88' lang='lat' dir='ltr'>vitio</span> <span class='ocrx_word' id='word_1_148' title='bbox 1230 1407 1313 1434; x_wconf 91' lang='lat' dir='ltr'>non</span> <span class='ocrx_word' id='word_1_149' title='bbox 1335 1390 1511 1433; x_wconf 86' lang='lat' dir='ltr'>retraxit</span> 
     </span>
     <span class='ocr_line' id='line_1_19' title="bbox 129 1455 1512 1515; baseline -0.001 -15"><span class='ocrx_word' id='word_1_150' title='bbox 129 1457 392 1515; x_wconf 91' lang='lat' dir='ltr'>Discipulum</span> <span class='ocrx_word' id='word_1_151' title='bbox 407 1455 425 1497; x_wconf 80' lang='lat' dir='ltr'><strong>P</strong></span> <span class='ocrx_word' id='word_1_152' title='bbox 441 1456 553 1514; x_wconf 90' lang='lat' dir='ltr'>quia,</span> <span class='ocrx_word' id='word_1_153' title='bbox 573 1465 620 1498; x_wconf 90' lang='lat' dir='ltr'>ut</span> <span class='ocrx_word' id='word_1_154' title='bbox 645 1455 824 1498; x_wconf 87' lang='lat' dir='ltr'>diximus</span> <span class='ocrx_word' id='word_1_155' title='bbox 838 1488 850 1506; x_wconf 85' lang='lat'><em>,</em></span> <span class='ocrx_word' id='word_1_156' title='bbox 873 1471 959 1499; x_wconf 92' lang='lat' dir='ltr'>non</span> <span class='ocrx_word' id='word_1_157' title='bbox 977 1457 1114 1514; x_wconf 86' lang='lat' dir='ltr'>potuit</span> <span class='ocrx_word' id='word_1_158' title='bbox 1137 1458 1273 1515; x_wconf 88' lang='lat' dir='ltr'>ipsum</span> <span class='ocrx_word' id='word_1_159' title='bbox 1296 1457 1512 1499; x_wconf 84' lang='lat' dir='ltr'>retrahere</span> 
     </span>
     <span class='ocr_line' id='line_1_20' title="bbox 132 1520 1513 1579; baseline -0.001 -14"><span class='ocrx_word' id='word_1_160' title='bbox 132 1522 260 1565; x_wconf 84' lang='lat' dir='ltr'>invite</span> <span class='ocrx_word' id='word_1_161' title='bbox 283 1521 362 1579; x_wconf 74' lang='lat'><strong>(6).</strong></span> <span class='ocrx_word' id='word_1_162' title='bbox 386 1521 478 1578; x_wconf 88' lang='lat' dir='ltr'>Ipsa</span> <span class='ocrx_word' id='word_1_163' title='bbox 500 1521 613 1562; x_wconf 89' lang='lat' dir='ltr'>enim</span> <span class='ocrx_word' id='word_1_164' title='bbox 635 1520 748 1562; x_wconf 80' lang='lat' dir='ltr'>Deus</span> <span class='ocrx_word' id='word_1_165' title='bbox 768 1522 876 1563; x_wconf 91' lang='lat' dir='ltr'>bona</span> <span class='ocrx_word' id='word_1_166' title='bbox 900 1530 942 1564; x_wconf 91' lang='lat' dir='ltr'>et</span> <span class='ocrx_word' id='word_1_167' title='bbox 963 1523 1076 1563; x_wconf 90' lang='lat' dir='ltr'>mala</span> <span class='ocrx_word' id='word_1_168' title='bbox 1097 1522 1140 1563; x_wconf 91' lang='lat' dir='ltr'>in</span> <span class='ocrx_word' id='word_1_169' title='bbox 1163 1531 1351 1565; x_wconf 88' lang='lat' dir='ltr'>nostram</span> <span class='ocrx_word' id='word_1_170' title='bbox 1378 1530 1513 1579; x_wconf 82' lang='lat' dir='ltr'>potes-</span> 
     </span>
     <span class='ocr_line' id='line_1_21' title="bbox 132 1585 1512 1631; baseline -0.003 0"><span class='ocrx_word' id='word_1_171' title='bbox 132 1596 262 1631; x_wconf 87' lang='lat' dir='ltr'>tatem</span> <span class='ocrx_word' id='word_1_172' title='bbox 278 1595 321 1629; x_wconf 90' lang='lat' dir='ltr'>et</span> <span class='ocrx_word' id='word_1_173' title='bbox 340 1585 558 1628; x_wconf 89' lang='lat' dir='ltr'>electionis</span> <span class='ocrx_word' id='word_1_174' title='bbox 576 1585 756 1628; x_wconf 91' lang='lat' dir='ltr'>liberum</span> <span class='ocrx_word' id='word_1_175' title='bbox 779 1586 948 1628; x_wconf 89' lang='lat' dir='ltr'>donavit</span> <span class='ocrx_word' id='word_1_176' title='bbox 972 1586 1208 1630; x_wconf 90' lang='lat' dir='ltr'>arbitrium.</span> <span class='ocrx_word' id='word_1_177' title='bbox 1236 1588 1336 1630; x_wconf 87' lang='lat' dir='ltr'>Ideo</span> <span class='ocrx_word' id='word_1_178' title='bbox 1358 1587 1512 1628; x_wconf 87' lang='lat' dir='ltr'>invitos</span> 
     </span>
     <span class='ocr_line' id='line_1_22' title="bbox 133 1651 1512 1711; baseline -0.001 -16"><span class='ocrx_word' id='word_1_179' title='bbox 133 1667 218 1696; x_wconf 90' lang='lat' dir='ltr'>non</span> <span class='ocrx_word' id='word_1_180' title='bbox 240 1651 378 1710; x_wconf 86' lang='lat' dir='ltr'>cogit,</span> <span class='ocrx_word' id='word_1_181' title='bbox 402 1651 476 1693; x_wconf 88' lang='lat' dir='ltr'>sed</span> <span class='ocrx_word' id='word_1_182' title='bbox 504 1652 692 1694; x_wconf 89' lang='lat' dir='ltr'>volentes</span> <span class='ocrx_word' id='word_1_183' title='bbox 725 1652 1007 1709; x_wconf 86' lang='lat' dir='ltr'>amplectitur.</span> <span class='ocrx_word' id='word_1_184' title='bbox 1039 1653 1144 1704; x_wconf 90' lang='lat' dir='ltr'>Quis</span> <span class='ocrx_word' id='word_1_185' title='bbox 1172 1669 1272 1711; x_wconf 88' lang='lat' dir='ltr'>ergo</span> <span class='ocrx_word' id='word_1_186' title='bbox 1295 1653 1512 1695; x_wconf 88' lang='lat' dir='ltr'>Christum</span> 
     </span>
     <span class='ocr_line' id='line_1_23' title="bbox 135 1715 1514 1775; baseline 0 -14"><span class='ocrx_word' id='word_1_187' title='bbox 135 1732 334 1762; x_wconf 88' lang='lat' dir='ltr'>accusare</span> <span class='ocrx_word' id='word_1_188' title='bbox 350 1724 603 1774; x_wconf 65' lang='lat' dir='ltr'>praesumet,</span> <span class='ocrx_word' id='word_1_189' title='bbox 629 1718 725 1773; x_wconf 88' lang='lat' dir='ltr'>quia</span> <span class='ocrx_word' id='word_1_190' title='bbox 742 1715 864 1759; x_wconf 87' lang='lat' dir='ltr'>Judae</span> <span class='ocrx_word' id='word_1_191' title='bbox 892 1718 1192 1775; x_wconf 85' lang='lat' dir='ltr'>cogitationem</span> <span class='ocrx_word' id='word_1_192' title='bbox 1218 1733 1303 1761; x_wconf 90' lang='lat' dir='ltr'>non</span> <span class='ocrx_word' id='word_1_193' title='bbox 1335 1717 1514 1761; x_wconf 84' lang='lat' dir='ltr'>mutavit</span> 
     </span>
     <span class='ocr_line' id='line_1_24' title="bbox 136 1781 1513 1833; baseline -0.001 -7"><span class='ocrx_word' id='word_1_194' title='bbox 136 1785 352 1826; x_wconf 89' lang='lat' dir='ltr'>adversam</span> <span class='ocrx_word' id='word_1_195' title='bbox 371 1781 389 1824; x_wconf 74' lang='grc' dir='ltr'>ἰ)</span> <span class='ocrx_word' id='word_1_196' title='bbox 409 1781 515 1825; x_wconf 90' lang='lat' dir='ltr'>Nam</span> <span class='ocrx_word' id='word_1_197' title='bbox 538 1781 692 1824; x_wconf 90' lang='lat' dir='ltr'>mentis</span> <span class='ocrx_word' id='word_1_198' title='bbox 720 1782 877 1824; x_wconf 88' lang='lat' dir='ltr'>malitia</span> <span class='ocrx_word' id='word_1_199' title='bbox 901 1783 1150 1826; x_wconf 87' lang='lat' dir='ltr'>necessitate</span> <span class='ocrx_word' id='word_1_200' title='bbox 1173 1799 1255 1826; x_wconf 92' lang='lat' dir='ltr'>non</span> <span class='ocrx_word' id='word_1_201' title='bbox 1280 1783 1456 1833; x_wconf 88' lang='lat' dir='ltr'>tollitur,</span> <span class='ocrx_word' id='word_1_202' title='bbox 1481 1783 1513 1826; x_wconf 92' lang='lat' dir='ltr'>si</span> 
     </span>
     <span class='ocr_line' id='line_1_25' title="bbox 136 1848 1513 1907; baseline -0.001 -15"><span class='ocrx_word' id='word_1_203' title='bbox 136 1856 286 1907; x_wconf 88' lang='lat' dir='ltr'>sponte</span> <span class='ocrx_word' id='word_1_204' title='bbox 311 1848 452 1890; x_wconf 91' lang='lat' dir='ltr'>omnia</span> <span class='ocrx_word' id='word_1_205' title='bbox 469 1862 561 1904; x_wconf 85' lang='lat' dir='ltr'>quae</span> <span class='ocrx_word' id='word_1_206' title='bbox 577 1848 801 1890; x_wconf 88' lang='lat' dir='ltr'>meliorare</span> <span class='ocrx_word' id='word_1_207' title='bbox 823 1848 1005 1890; x_wconf 90' lang='lat' dir='ltr'>animam</span> <span class='ocrx_word' id='word_1_208' title='bbox 1030 1857 1208 1907; x_wconf 87' lang='lat' dir='ltr'>possunt</span> <span class='ocrx_word' id='word_1_209' title='bbox 1222 1882 1232 1898; x_wconf 94' lang='lat'><strong>,</strong></span> <span class='ocrx_word' id='word_1_210' title='bbox 1261 1849 1398 1891; x_wconf 88' lang='lat' dir='ltr'>odisse</span> <span class='ocrx_word' id='word_1_211' title='bbox 1415 1864 1513 1906; x_wconf 90' lang='lat' dir='ltr'>cog-</span> 
     </span>
     <span class='ocr_line' id='line_1_26' title="bbox 137 1913 1513 1972; baseline -0.001 -14"><span class='ocrx_word' id='word_1_212' title='bbox 137 1915 339 1958; x_wconf 85' lang='lat' dir='ltr'>noscitur.</span> <span class='ocrx_word' id='word_1_213' title='bbox 354 1914 407 1956; x_wconf 86' lang='lat' dir='ltr'>Et</span> <span class='ocrx_word' id='word_1_214' title='bbox 427 1913 459 1955; x_wconf 94' lang='lat' dir='ltr'>si</span> <span class='ocrx_word' id='word_1_215' title='bbox 479 1913 716 1956; x_wconf 88' lang='lat' dir='ltr'>remedium</span> <span class='ocrx_word' id='word_1_216' title='bbox 738 1914 912 1970; x_wconf 87' lang='lat' dir='ltr'>respuit,</span> <span class='ocrx_word' id='word_1_217' title='bbox 934 1929 1019 1956; x_wconf 92' lang='lat' dir='ltr'>non</span> <span class='ocrx_word' id='word_1_218' title='bbox 1031 1915 1185 1957; x_wconf 90' lang='lat' dir='ltr'>medici</span> <span class='ocrx_word' id='word_1_219' title='bbox 1209 1917 1331 1972; x_wconf 85' lang='lat' dir='ltr'>culpa</span> <span class='ocrx_word' id='word_1_220' title='bbox 1347 1915 1425 1972; x_wconf 88' lang='lat'><strong>(7),</strong></span> <span class='ocrx_word' id='word_1_221' title='bbox 1440 1915 1513 1957; x_wconf 91' lang='lat' dir='ltr'>sed</span> 
     </span>
     <span class='ocr_line' id='line_1_27' title="bbox 136 1978 1516 2038; baseline -0.001 -15"><span class='ocrx_word' id='word_1_222' title='bbox 136 1981 285 2024; x_wconf 79' lang='lat' dir='ltr'>vitium</span> <span class='ocrx_word' id='word_1_223' title='bbox 306 1988 370 2022; x_wconf 88' lang='lat' dir='ltr'>est</span> <span class='ocrx_word' id='word_1_224' title='bbox 391 1978 641 2038; x_wconf 77' lang='lat' dir='ltr'>languentis,</span> <span class='ocrx_word' id='word_1_225' title='bbox 670 1979 841 2021; x_wconf 87' lang='lat' dir='ltr'>Dixerat</span> <span class='ocrx_word' id='word_1_226' title='bbox 857 1979 970 2021; x_wconf 91' lang='lat' dir='ltr'>enim</span> <span class='ocrx_word' id='word_1_227' title='bbox 984 1979 1209 2038; x_wconf 90' lang='lat' dir='ltr'>Discipulis</span> <span class='ocrx_word' id='word_1_228' title='bbox 1226 1981 1413 2023; x_wconf 90' lang='lat' dir='ltr'>Medicus</span> <span class='ocrx_word' id='word_1_229' title='bbox 1432 1981 1516 2022; x_wconf 89' lang='lat' dir='ltr'>ani-</span> 
     </span>
     <span class='ocr_line' id='line_1_28' title="bbox 136 2045 1515 2102; baseline -0.001 -13"><span class='ocrx_word' id='word_1_230' title='bbox 136 2061 303 2090; x_wconf 89' lang='lat' dir='ltr'>marum</span> <span class='ocrx_word' id='word_1_231' title='bbox 319 2079 331 2096; x_wconf 92' lang='lat'>,</span> <span class='ocrx_word' id='word_1_232' title='bbox 360 2046 576 2102; x_wconf 91' lang='lat' dir='ltr'>quomodo</span> <span class='ocrx_word' id='word_1_233' title='bbox 599 2059 694 2087; x_wconf 92' lang='lat' dir='ltr'>eum</span> <span class='ocrx_word' id='word_1_234' title='bbox 727 2046 896 2087; x_wconf 86' lang='lat' dir='ltr'>tradere</span> <span class='ocrx_word' id='word_1_235' title='bbox 920 2045 1114 2088; x_wconf 89' lang='lat' dir='ltr'>debebat.</span> <span class='ocrx_word' id='word_1_236' title='bbox 1142 2046 1409 2088; x_wconf 86' lang='lat' dir='ltr'>Insernorum</span> <span class='ocrx_word' id='word_1_237' title='bbox 1433 2054 1515 2089; x_wconf 90' lang='lat' dir='ltr'>tor-</span> 
     </span>
     <span class='ocr_line' id='line_1_29' title="bbox 138 2109 1512 2169; baseline -0.001 -13"><span class='ocrx_word' id='word_1_238' title='bbox 138 2120 282 2156; x_wconf 83' lang='lat' dir='ltr'>menta</span> <span class='ocrx_word' id='word_1_239' title='bbox 303 2127 412 2169; x_wconf 85' lang='lat' dir='ltr'>saepe</span> <span class='ocrx_word' id='word_1_240' title='bbox 433 2109 650 2167; x_wconf 84' lang='lat' dir='ltr'>praedixit,</span> <span class='ocrx_word' id='word_1_241' title='bbox 672 2120 714 2153; x_wconf 88' lang='lat' dir='ltr'>et</span> <span class='ocrx_word' id='word_1_242' title='bbox 737 2112 942 2154; x_wconf 87' lang='lat' dir='ltr'>coelorum</span> <span class='ocrx_word' id='word_1_243' title='bbox 965 2126 1093 2168; x_wconf 87' lang='lat' dir='ltr'>regna</span> <span class='ocrx_word' id='word_1_244' title='bbox 1117 2127 1223 2169; x_wconf 87' lang='lat' dir='ltr'>saepe</span> <span class='ocrx_word' id='word_1_245' title='bbox 1245 2112 1512 2169; x_wconf 86' lang='lat' dir='ltr'>repromisit;</span> 
     </span>
     <span class='ocr_line' id='line_1_30' title="bbox 138 2175 1511 2237; baseline -0.001 -16"><span class='ocrx_word' id='word_1_246' title='bbox 138 2179 268 2237; x_wconf 86' lang='lat' dir='ltr'>pedes</span> <span class='ocrx_word' id='word_1_247' title='bbox 288 2186 383 2236; x_wconf 87' lang='lat' dir='ltr'>post</span> <span class='ocrx_word' id='word_1_248' title='bbox 408 2176 579 2218; x_wconf 88' lang='lat' dir='ltr'>Petrum</span> <span class='ocrx_word' id='word_1_249' title='bbox 597 2175 672 2234; x_wconf 88' lang='lat' dir='ltr'>ipsi</span> <span class='ocrx_word' id='word_1_250' title='bbox 696 2177 758 2234; x_wconf 85' lang='lat'>(8)</span> <span class='ocrx_word' id='word_1_251' title='bbox 778 2177 897 2227; x_wconf 85' lang='lat' dir='ltr'>lavit,</span> <span class='ocrx_word' id='word_1_252' title='bbox 923 2185 1020 2220; x_wconf 87' lang='lat' dir='ltr'>ante</span> <span class='ocrx_word' id='word_1_253' title='bbox 1042 2177 1179 2235; x_wconf 89' lang='lat' dir='ltr'>ipsum</span> <span class='ocrx_word' id='word_1_254' title='bbox 1198 2192 1242 2220; x_wconf 89' lang='lat' dir='ltr'>se</span> <span class='ocrx_word' id='word_1_255' title='bbox 1267 2177 1511 2235; x_wconf 78' lang='lat' dir='ltr'>genuflexit,</span> 
     </span>
    </p>
   </div>
   <div class='ocr_carea' id='block_1_3' title="bbox 189 2282 483 2321">
    <p class='ocr_par' dir='ltr' id='par_1_4' title="bbox 189 2282 483 2321">
     <span class='ocr_line' id='line_1_31' title="bbox 189 2282 483 2321; baseline -0.014 -5"><span class='ocrx_word' id='word_1_256' title='bbox 189 2283 199 2306; x_wconf 88' lang='lat'><strong>¹</strong></span> <span class='ocrx_word' id='word_1_257' title='bbox 223 2295 236 2315; x_wconf 87' lang='lat'>1</span> <span class='ocrx_word' id='word_1_258' title='bbox 259 2282 344 2316; x_wconf 90' lang='lat' dir='ltr'>Tim.</span> <span class='ocrx_word' id='word_1_259' title='bbox 366 2292 413 2321; x_wconf 75' lang='lat' dir='ltr'>vx,</span> <span class='ocrx_word' id='word_1_260' title='bbox 433 2292 483 2313; x_wconf 90' lang='lat'>10.</span> 
     </span>
    </p>
   </div>
   <div class='ocr_carea' id='block_1_4' title="bbox 138 2370 1517 2530">
    <p class='ocr_par' dir='ltr' id='par_1_5' title="bbox 138 2370 1517 2530">
     <span class='ocr_line' id='line_1_32' title="bbox 189 2370 1515 2419; baseline 0.002 -16"><span class='ocrx_word' id='word_1_261' title='bbox 189 2370 240 2416; x_wconf 90' lang='lat'>(1)</span> <span class='ocrx_word' id='word_1_262' title='bbox 255 2370 335 2405; x_wconf 89' lang='lat' dir='ltr'>Cod.</span> <span class='ocrx_word' id='word_1_263' title='bbox 352 2371 424 2405; x_wconf 80' lang='lat' dir='ltr'>sibi.</span> <span class='ocrx_word' id='word_1_264' title='bbox 444 2389 490 2395; x_wconf 93' lang='lat'>—</span> <span class='ocrx_word' id='word_1_265' title='bbox 506 2371 557 2416; x_wconf 84' lang='lat'>(2)</span> <span class='ocrx_word' id='word_1_266' title='bbox 581 2371 630 2405; x_wconf 88' lang='lat' dir='ltr'>Id.</span> <span class='ocrx_word' id='word_1_267' title='bbox 656 2374 777 2408; x_wconf 85' lang='lat' dir='ltr'>Deum.</span> <span class='ocrx_word' id='word_1_268' title='bbox 798 2393 842 2399; x_wconf 90' lang='lat'>—</span> <span class='ocrx_word' id='word_1_269' title='bbox 861 2373 910 2419; x_wconf 84' lang='lat'>(3)</span> <span class='ocrx_word' id='word_1_270' title='bbox 931 2374 980 2408; x_wconf 93' lang='lat' dir='ltr'>Id.</span> <span class='ocrx_word' id='word_1_271' title='bbox 996 2376 1125 2418; x_wconf 77' lang='lat' dir='ltr'>gracia,</span> <span class='ocrx_word' id='word_1_272' title='bbox 1144 2380 1176 2407; x_wconf 83' lang='lat' dir='ltr'>et</span> <span class='ocrx_word' id='word_1_273' title='bbox 1192 2374 1308 2407; x_wconf 82' lang='lat' dir='ltr'>deinde</span> <span class='ocrx_word' id='word_1_274' title='bbox 1326 2375 1515 2417; x_wconf 78' lang='lat' dir='ltr'>cupiditate.</span> 
     </span>
     <span class='ocr_line' id='line_1_33' title="bbox 141 2427 1516 2475; baseline 0.001 -16"><span class='ocrx_word' id='word_1_275' title='bbox 141 2446 188 2453; x_wconf 94' lang='lat'>—</span> <span class='ocrx_word' id='word_1_276' title='bbox 211 2428 260 2471; x_wconf 73' lang='lat'>(4)</span> <span class='ocrx_word' id='word_1_277' title='bbox 284 2427 333 2460; x_wconf 91' lang='lat' dir='ltr'>Id.</span> <span class='ocrx_word' id='word_1_278' title='bbox 350 2429 508 2470; x_wconf 82' lang='lat' dir='ltr'>perditur.</span> <span class='ocrx_word' id='word_1_279' title='bbox 526 2446 572 2453; x_wconf 91' lang='lat'>—-</span> <span class='ocrx_word' id='word_1_280' title='bbox 599 2429 648 2474; x_wconf 87' lang='lat'>(5)</span> <span class='ocrx_word' id='word_1_281' title='bbox 678 2429 727 2462; x_wconf 91' lang='lat' dir='ltr'>1d.</span> <span class='ocrx_word' id='word_1_282' title='bbox 747 2429 896 2465; x_wconf 80' lang='lat' dir='ltr'>delectet.</span> <span class='ocrx_word' id='word_1_283' title='bbox 925 2448 972 2456; x_wconf 91' lang='lat'>—</span> <span class='ocrx_word' id='word_1_284' title='bbox 996 2430 1047 2475; x_wconf 87' lang='lat'>(6)</span> <span class='ocrx_word' id='word_1_285' title='bbox 1070 2432 1155 2464; x_wconf 86' lang='lat' dir='ltr'>Vide</span> <span class='ocrx_word' id='word_1_286' title='bbox 1171 2431 1256 2464; x_wconf 83' lang='lat' dir='ltr'>dicta</span> <span class='ocrx_word' id='word_1_287' title='bbox 1271 2432 1434 2475; x_wconf 86' lang='lat' dir='ltr'>superius;</span> <span class='ocrx_word' id='word_1_288' title='bbox 1452 2443 1516 2462; x_wconf 83' lang='lat' dir='ltr'>non</span> 
     </span>
     <span class='ocr_line' id='line_1_34' title="bbox 138 2485 1517 2530; baseline 0.004 -15"><span class='ocrx_word' id='word_1_289' title='bbox 138 2492 246 2528; x_wconf 84' lang='lat' dir='ltr'>potest</span> <span class='ocrx_word' id='word_1_290' title='bbox 257 2485 422 2516; x_wconf 79' lang='lat' dir='ltr'>retrahere</span> <span class='ocrx_word' id='word_1_291' title='bbox 436 2485 532 2516; x_wconf 80' lang='lat' dir='ltr'>invite</span> <span class='ocrx_word' id='word_1_292' title='bbox 543 2512 552 2529; x_wconf 82' lang='lat'>‚</span> <span class='ocrx_word' id='word_1_293' title='bbox 576 2486 634 2516; x_wconf 85' lang='lat' dir='ltr'>sed</span> <span class='ocrx_word' id='word_1_294' title='bbox 641 2485 758 2528; x_wconf 81' lang='lat' dir='ltr'>facere</span> <span class='ocrx_word' id='word_1_295' title='bbox 772 2494 880 2528; x_wconf 84' lang='lat' dir='ltr'>potest</span> <span class='ocrx_word' id='word_1_296' title='bbox 893 2495 928 2518; x_wconf 85' lang='lat' dir='ltr'>ut</span> <span class='ocrx_word' id='word_1_297' title='bbox 942 2488 1035 2522; x_wconf 77' lang='lat' dir='ltr'>velit.</span> <span class='ocrx_word' id='word_1_298' title='bbox 1051 2505 1098 2512; x_wconf 94' lang='lat'>—</span> <span class='ocrx_word' id='word_1_299' title='bbox 1112 2489 1159 2529; x_wconf 60' lang='lat'>(7)</span> <span class='ocrx_word' id='word_1_300' title='bbox 1172 2489 1267 2519; x_wconf 87' lang='lat' dir='ltr'>Deest</span> <span class='ocrx_word' id='word_1_301' title='bbox 1280 2488 1378 2530; x_wconf 85' lang='lat' dir='ltr'>culpa</span> <span class='ocrx_word' id='word_1_302' title='bbox 1395 2488 1427 2519; x_wconf 86' lang='lat' dir='ltr'>in</span> <span class='ocrx_word' id='word_1_303' title='bbox 1444 2488 1517 2521; x_wconf 88' lang='lat' dir='ltr'>cod.</span> 
     </span>
    </p>
   </div>
   <div class='ocr_carea' id='block_1_5' title="bbox 142 2538 1520 2630">
    <p class='ocr_par' dir='ltr' id='par_1_6' title="bbox 142 2538 1520 2630">
     <span class='ocr_line' id='line_1_35' title="bbox 142 2538 1520 2588; baseline 0.003 -18"><span class='ocrx_word' id='word_1_304' title='bbox 142 2557 187 2564; x_wconf 96' lang='lat'><strong>—</strong></span> <span class='ocrx_word' id='word_1_305' title='bbox 201 2538 253 2585; x_wconf 90' lang='lat'>(8)</span> <span class='ocrx_word' id='word_1_306' title='bbox 269 2540 347 2573; x_wconf 91' lang='lat' dir='ltr'>Cod.</span> <span class='ocrx_word' id='word_1_307' title='bbox 367 2541 438 2573; x_wconf 84' lang='lat' dir='ltr'>sibi.</span> <span class='ocrx_word' id='word_1_308' title='bbox 460 2543 539 2574; x_wconf 82' lang='lat' dir='ltr'>Haec</span> <span class='ocrx_word' id='word_1_309' title='bbox 563 2552 628 2574; x_wconf 87' lang='lat' dir='ltr'>non</span> <span class='ocrx_word' id='word_1_310' title='bbox 646 2542 795 2584; x_wconf 81' lang='lat' dir='ltr'>leguntur</span> <span class='ocrx_word' id='word_1_311' title='bbox 818 2543 852 2576; x_wconf 91' lang='lat' dir='ltr'>in</span> <span class='ocrx_word' id='word_1_312' title='bbox 871 2549 980 2577; x_wconf 84' lang='lat' dir='ltr'>sancto</span> <span class='ocrx_word' id='word_1_313' title='bbox 996 2544 1242 2588; x_wconf 82' lang='lat' dir='ltr'>Chrysostomo,</span> <span class='ocrx_word' id='word_1_314' title='bbox 1259 2543 1313 2575; x_wconf 87' lang='lat' dir='ltr'>sed</span> <span class='ocrx_word' id='word_1_315' title='bbox 1330 2545 1434 2586; x_wconf 80' lang='lat' dir='ltr'>pedes</span> <span class='ocrx_word' id='word_1_316' title='bbox 1451 2544 1520 2586; x_wconf 80' lang='lat' dir='ltr'>ejus</span> 
     </span>
     <span class='ocr_line' id='line_1_36' title="bbox 143 2596 509 2630; baseline 0.003 -2"><span class='ocrx_word' id='word_1_317' title='bbox 143 2603 180 2628; x_wconf 79' lang='lat' dir='ltr'>ut</span> <span class='ocrx_word' id='word_1_318' title='bbox 194 2604 228 2628; x_wconf 82' lang='lat' dir='ltr'>et</span> <span class='ocrx_word' id='word_1_319' title='bbox 240 2596 378 2628; x_wconf 79' lang='lat' dir='ltr'>aliorum</span> <span class='ocrx_word' id='word_1_320' title='bbox 395 2597 509 2630; x_wconf 79' lang='lat' dir='ltr'>abluit.</span> 
     </span>
    </p>
   </div>
   <div class='ocr_carea' id='block_1_6' title="bbox 306 2660 1358 2710">
    <p class='ocr_par' dir='ltr' id='par_1_7' title="bbox 306 2660 1358 2710">
     <span class='ocr_line' id='line_1_37' title="bbox 306 2660 1358 2710; baseline 0.002 -4"><span class='ocrx_word' id='word_1_321' title='bbox 306 2675 442 2708; x_wconf 88' lang='lat' dir='ltr'>cxxx1</span> <span class='ocrx_word' id='word_1_322' title='bbox 474 2660 559 2709; x_wconf 81' lang='lat' dir='ltr'>bis.</span> <span class='ocrx_word' id='word_1_323' title='bbox 1305 2664 1358 2710; x_wconf 85' lang='lat'>16</span> 
     </span>
    </p>
   </div>
  </div>
 </body>
</html>
