1885 3284
328 274 420 321 226
586 288 618 321 s.
665 286 907 321 Auensrtm
945 290 1144 321 EPtSCOPi
1185 290 1423 323 Arranmx.

324 355 458 399 Mater
490 358 590 400 vidit
614 358 765 400 Filium
796 358 967 400 exaltari
992 358 1049 412 (ι)
1085 372 1105 399 a
1135 365 1243 400 terra
1261 391 1270 405 ,
1298 367 1338 400 et
1365 358 1451 415 ipsa
1479 358 1633 400 cecidit
1655 357 1694 400 in

326 430 480 465 terram
498 426 785 467 velutmortua
804 426 866 480 (2)
886 441 895 472 ;
915 432 956 464 et
976 437 1072 464 cum
1085 423 1261 466 excitata
1280 425 1428 481 quasia
1442 432 1576 466 morte
1598 424 1696 465 suis-

325 497 411 536 set,
432 489 601 531 Judaeos
624 491 866 546 alloquitur,
891 489 1036 531 dicens
1059 504 1100 530 :a
1120 488 1310 531 Obsecro
1333 505 1419 537 vos,
1437 504 1461 533 o
1476 489 1628 537 Judaei,
1650 498 1696 532 ut

326 556 478 596 amodo
511 555 630 597 Matri
672 555 824 597 Christi
851 569 933 596 non
968 553 1177 610 parcafisz
1218 555 1459 611 suspendite
1496 571 1563 597 me
1596 569 1694 597 cum

319 621 459 676 prole;
480 635 563 662 non
588 621 833 678 pepercistis
852 620 982 668 Filio,
1017 635 1098 660 non
1127 621 1308 677 parcatis
1323 629 1363 662 et
1379 620 1517 662 matri.
1550 639 1563 657 α
1582 620 1693 662 Dum

321 684 445 727 Maria
471 685 559 728 haec
583 687 842 742 loqueretur,
872 700 975 727 ecce
1000 686 1058 740 (5)
1086 685 1240 742 Joseph
1265 686 1316 727 ab
1338 685 1581 728 Arimathea
1604 686 1695 728 civi-

321 757 406 791 tate
444 766 539 792 cum
567 751 803 794 Nicodemo
841 751 933 792 viro
971 750 1276 807 sapientissimo
1297 783 1306 796 ‚
1329 759 1371 792 et
1392 751 1584 808 pluribus
1607 752 1694 793 aliis

319 813 548 874 Discipulis
567 817 851 875 plorantibus,
878 817 931 858 ad
955 815 1251 872 deponendum
1275 831 1428 872 corpus
1450 816 1550 858 Jesu
1576 832 1692 858 vene-

319 890 434 923 runt.
465 882 559 933 Quo
585 883 774 939 deposito
793 916 802 930 ‚
825 882 957 925 Mater
975 882 1096 923 irruit
1121 897 1247 939 super
1267 897 1364 923 eum
1389 882 1428 923 in
1461 890 1621 924 tantum
1650 891 1696 925 ut

320 945 407 989 sere
423 957 655 1005 potuerunt
672 963 770 989 eum
793 948 983 1005 sepelire.
998 948 1186 990 Tandem
1212 949 1374 1005 sepulto
1398 946 1464 1006 (4)
1484 948 1665 990 Domino
1682 982 1692 996 ,

318 1010 430 1054 inter
453 1014 625 1055 brachia
647 1013 964 1071 Discipulorum
978 1013 1103 1055 Maria
1124 1021 1316 1069 portatur
1332 1046 1341 1061 ‚
1367 1021 1407 1054 et
1430 1014 1528 1054 dum
1552 1013 1609 1054 sic
1627 1015 1695 1055 de-

318 1086 560 1133 portaretur
581 1093 682 1120 voce
701 1094 828 1120 rauca
846 1079 1114 1135 loquebatur,
1135 1078 1278 1120 dicens
1305 1093 1345 1119 :a
1364 1077 1400 1120 O
1423 1077 1518 1119 fitiae
1529 1077 1695 1120 Jerusa-

316 1144 400 1185 lem
421 1177 431 1192 ,
466 1143 639 1199 aspicite
670 1160 736 1186 me
774 1143 977 1201 privatam
1001 1159 1155 1200 sponso
1173 1177 1182 1191 ,
1210 1143 1439 1185 desolatam
1464 1152 1602 1200 patre,
1630 1159 1694 1184 or-

317 1208 460 1250 batam
482 1209 616 1257 Filio;
644 1209 742 1252 ssete
756 1210 881 1267 igitur
902 1223 1069 1251 mecum
1088 1242 1098 1258 ‚
1122 1208 1221 1251 ssete
1244 1224 1341 1251 cum
1365 1209 1493 1250 Maria
1511 1210 1693 1251 desolata

317 1282 359 1314 et
375 1275 533 1330 privata
563 1274 680 1316 omni
711 1276 879 1332 gaudio.
899 1294 913 1312 ο
939 1275 991 1316 Et
1013 1289 1159 1316 omnes
1177 1274 1246 1330 qui
1265 1274 1435 1316 Mariam
1463 1274 1660 1316 videbant
1680 1308 1690 1322 ,

315 1347 401 1381 tam
419 1337 584 1386 fideles,
602 1355 726 1396 quam
750 1339 962 1386 infideles,
987 1354 1081 1381 cum
1103 1339 1232 1381 Maria
1251 1340 1458 1395 lacrymas
1477 1339 1695 1381 continere

317 1419 400 1446 non
428 1413 636 1461 poterant.
667 1404 736 1446 Sic
761 1405 944 1461 denique
968 1406 1142 1446 domum
1167 1405 1311 1447 Lazari
1345 1404 1409 1461 (5)
1433 1405 1495 1446 vel
1520 1404 1694 1446 Joannis

316 1469 511 1518 intravit,
534 1479 574 1511 et
597 1470 754 1512 ibidem
779 1486 876 1512 cum
899 1472 1044 1512 dolore
1061 1471 1264 1513 remansit
1278 1485 1498 1527 quousque
1519 1470 1596 1527 ipsi
1612 1471 1692 1527 (6).

317 1543 363 1576 ut
388 1535 584 1582 arbitror,
608 1536 744 1592 primo
768 1536 1039 1577 resuscitatus
1063 1535 1277 1593 apparuit,
1294 1543 1339 1576 ut
1353 1533 1531 1577 firmiter
1548 1537 1693 1583 credo,

316 1608 359 1641 et
382 1601 620 1641 nullatenus
645 1600 793 1642 dubito
825 1601 908 1657 (7),
945 1602 1087 1642 volens
1122 1615 1196 1658 per
1219 1600 1362 1642 omnia
1382 1599 1536 1656 Legem
1560 1600 1694 1642 adim-

315 1664 431 1722 plere
453 1665 663 1706 dicentem
690 1682 699 1707 ι
719 1666 913 1707 aHonora
933 1674 1093 1722 patrem
1112 1674 1232 1707 tuum
1247 1674 1288 1707 et
1306 1674 1484 1707 matrem
1503 1666 1683 1707 tuam¹.»

320 1728 416 1780 Quo
442 1729 570 1771 modo
596 1739 737 1772 autem
774 1731 850 1788 ipsi
876 1730 1092 1787 apparuit,
1120 1739 1161 1771 et
1200 1730 1367 1785 quando
1391 1730 1466 1786 ipsi
1495 1745 1694 1788 apparere

315 1795 465 1843 voluit,
493 1797 620 1837 credo
638 1828 647 1843 ,
670 1796 802 1837 donec
833 1797 962 1838 donet
985 1795 1108 1837 nobis
1129 1794 1334 1837 Dominus
1357 1795 1553 1852 gratiam,
1585 1805 1630 1837 ut
1652 1795 1692 1837 in

316 1859 382 1902 dio
402 1861 722 1902 resurrectionis
740 1861 950 1918 explicare
975 1869 1016 1903 et
1046 1861 1191 1903 audire
1213 1875 1463 1903 mercamur.
1493 1862 1640 1904 Amen.

361 1965 372 1987 ¹
389 1964 489 1996 Exod.
505 1976 560 2005 xx,
586 1977 637 1999 12.

363 2036 414 2081 (ι)
434 2037 513 2069 Cod.
534 2039 696 2069 exaltare.
714 2055 762 2062 ——
786 2037 834 2082 (α)
855 2041 926 2070 Hoc
951 2038 1143 2070 contrarium
1161 2043 1206 2069 est
1222 2037 1392 2079 Evangelio
1409 2037 1525 2070 dicenti
1541 2049 1548 2070 :
1567 2040 1694 2079 stabam

321 2099 436 2125 caetera
455 2104 585 2135 quoque
608 2102 786 2137 repugnant
804 2100 918 2126 sanctae
941 2093 1056 2126 Matris
1074 2094 1265 2128 fortitudini.
1286 2112 1331 2118 —
1355 2093 1405 2138 (3)
1428 2094 1475 2126 Id.
1497 2103 1530 2125 et
1546 2106 1631 2126 ecce.
1647 2112 1693 2119 --

313 2147 370 2194 (Ι.)
391 2149 441 2183 td.
460 2150 627 2191 insepulto,
653 2169 693 2174 —
715 2150 762 2194 (ὁ)
785 2152 860 2181 Haec
886 2149 1045 2182 dubitatio
1070 2150 1259 2182 contradicit
1282 2150 1453 2193 Evangelio
1468 2176 1477 2193 ‚
1506 2150 1559 2181 ubi
1579 2151 1694 2182 dicitur

313 2213 345 2234 et
361 2216 403 2234 ez
420 2205 479 2235 illa
498 2205 577 2235 hora
598 2207 722 2247 accepit
738 2217 810 2236 eam
826 2206 1009 2248 Discipnlus
1028 2207 1060 2237 in
1077 2218 1147 2238 sua.
1163 2225 1205 2230 —-
1224 2204 1276 2252 (6)
1293 2206 1370 2239 Cod.
1391 2207 1466 2245 sibi,
1489 2213 1518 2238 et
1538 2207 1583 2239 sic
1603 2207 1692 2239 dein-

314 2270 400 2301 ceps.
421 2278 461 2284 ——
482 2258 532 2303 (7)
550 2261 660 2292 Credit
682 2260 744 2293 hoe
761 2268 881 2300 auctor,
905 2262 944 2293 de
962 2273 1025 2304 quo
1046 2262 1138 2294 valde
1162 2262 1372 2295 dubitandum
1397 2273 1435 2294 ex
1453 2262 1623 2304 Evangelio
1641 2262 1690 2293 di-

314 2322 425 2348 cente:
442 2316 603 2359 Apparuit
613 2318 719 2359 primo
736 2318 850 2349 Μανία
864 2318 1071 2361 Magadlene.
