1885 3284
347 259 431 304 132
746 273 1067 303 S.AUGUS'1‘1N1
1105 273 1306 302 EPISCOPI

340 339 505 384 haerere
526 337 692 385 bonum
714 350 789 384 est.
818 340 880 383 Da
908 350 944 384 te
963 339 1070 384 mihi
1098 338 1309 400 perillam
1333 337 1674 385 misericordiam
1695 374 1705 393 ‚

336 419 377 454 et
394 408 513 453 illam
534 426 611 471 per
630 420 670 454 te
693 427 702 453 ε
727 408 798 454 illa
818 409 872 453 sit
902 409 1007 453 mihi
1037 409 1078 452 in
1109 420 1146 452 te
1163 445 1173 463 ‚
1204 420 1245 454 et
1269 409 1341 455 illa
1366 410 1421 455 sit
1445 409 1525 454 tibi
1561 409 1631 453 via
1664 407 1709 452 in

337 496 417 525 me.
452 479 559 523 Ilaec
580 479 655 524 dat
687 479 797 524 mihi
830 478 1055 523 audaciam
1085 478 1333 541 alloquendi
1370 480 1481 532 tibi3
1510 478 1609 524 haec
1633 477 1710 522 dat

333 549 442 594 mihi
463 548 668 594 fiduciam
694 550 926 595 invocandi
957 561 1020 601 te;
1058 549 1156 594 haec
1174 550 1299 610 erigit
1325 561 1512 595 mentem
1540 565 1707 599 meam3

334 619 500 663 habens
520 618 679 680 ipsam,
706 620 837 665 hahet
857 630 911 666 te.
935 619 1059 664 Nihil
1078 636 1178 678 ergo
1202 631 1322 683 peto,
1349 620 1429 665 nisi
1454 630 1510 675 te,
1539 620 1640 682 quia
1661 629 1708 664 tu

331 706 372 734 es
392 688 547 733 doctor
568 700 610 734 et
640 690 839 736 doctrina
856 727 866 746 ‚
897 690 1089 735 medicus
1117 703 1159 735 et
1181 691 1424 744 medicina,
1451 701 1709 753 prospector

331 770 373 804 et
398 771 671 821 praeparator
690 772 866 817 mentis,
889 778 1011 806 amor
1031 772 1071 806 et
1093 773 1279 814 amator,
1310 774 1357 807 tu
1377 779 1418 807 es
1440 773 1526 806 vita
1546 771 1588 806 et
1606 771 1708 806 vltae

330 840 622 876 conservator.
652 831 771 887 Quid
796 831 957 893 plural)
999 832 1067 875 'i'u
1101 849 1143 876 es
1165 832 1385 895 quidquid
1416 831 1578 877 dicitur
1599 831 1706 876 boni

329 917 417 945 esse
442 900 522 961 (1).
558 902 653 946 'l‘ua
689 902 801 947 enim
845 901 1173 956 misericordia,
1214 904 1316 966 quia
1349 904 1414 964 (2)
1444 920 1531 947 non
1558 919 1706 947 sumus

328 972 579 1035 consumpti
605 991 615 1017 :
642 974 737 1035 ipsa
757 973 847 1018 sola
864 990 940 1019 nos
956 975 1140 1019 sustinet
1153 975 1420 1037 expectando
1440 1011 1449 1025 ,
1478 985 1705 1019 conservat

328 1059 414 1088 non
438 1041 721 1099 damnando,
766 1055 939 1089 revocat
979 1061 1068 1089 non
1108 1044 1453 1108 improperando
1476 1081 1486 1096 ,
1521 1044 1706 1089 dimittit

327 1113 692 1173 nonjudicando‚
722 1116 905 1175 gratiam
934 1116 1105 1160 confert
1139 1133 1225 1161 non
1264 1114 1525 1180 repetendo,
1567 1115 1705 1160 salvat

325 1185 654 1248 perseverando.

393 1255 450 1301 ll.
494 1255 631 1315 Surge
654 1274 753 1316 ergo
783 1267 824 1301 et
849 1260 964 1315 erige
984 1267 1042 1313 te,
1080 1257 1221 1302 anima
1246 1275 1337 1303 mea
1367 1257 1605 1321 peccatrix,
1632 1255 1695 1301 in-

326 1324 455 1371 tende
475 1336 592 1371 tanto
614 1327 804 1378 auditui‚
826 1337 947 1372 tanto
967 1327 1126 1372 auxilio
1144 1339 1231 1372 tuae
1246 1326 1704 1373 ref0r·nati·>11is.vicle

325 1398 427 1461 quia
451 1397 531 1442 ista
552 1415 739 1460 persona
760 1398 928 1458 indiges
951 1399 1019 1462 (3)
1045 1399 1131 1443 sola
1159 1399 1214 1443 ad
1238 1401 1596 1445 restaurationem
1618 1399 1694 1443 tui.

326 1469 453 1528 Erige
474 1479 514 1513 te
535 1479 625 1514 tota
648 1506 658 1524 ‚
684 1486 802 1513 mens
824 1486 917 1514 mea
942 1506 953 1525 ,
978 1480 1020 1514 et
1049 1469 1155 1514 huic
1184 1471 1258 1533 qui
1294 1481 1379 1516 tota
1406 1471 1520 1516 salus
1540 1482 1614 1515 tua
1641 1480 1704 1514 est

322 1556 422 1585 cuni
443 1539 648 1584 omnihus
670 1539 838 1584 viribus
866 1539 950 1584 tuis
980 1540 1182 1596 intende,
1213 1551 1254 1585 et
1279 1559 1483 1605 praepara
1520 1551 1560 1586 te
1589 1541 1700 1603 ipSi;

324 1610 470 1672 recipe
496 1626 595 1654 eum
619 1609 744 1665 inte,
768 1620 816 1654 ut
837 1609 1020 1671 recipiat
1043 1620 1084 1655 te
1102 1610 1145 1654 in
1163 1628 1219 1656 se.
1250 1611 1355 1656 Veni
1376 1629 1478 1672 ergo
1498 1648 1508 1667 ‚
1534 1610 1700 1656 dulcis-

322 1682 427 1726 sime
442 1717 453 1735 ,
480 1680 658 1725 extende
679 1680 865 1740 digitum
885 1691 1008 1725 tuum
1027 1692 1070 1725 et
1086 1682 1198 1741 erige
1213 1699 1277 1726 me
1295 1702 1307 1735 ;
1330 1684 1473 1727 veniat
1493 1682 1565 1727 ille
1578 1699 1701 1728 sanc-

325 1764 392 1798 tus
411 1750 575 1811 digitus
604 1762 704 1796 tuus
722 1787 733 1806 ‚
759 1751 951 1796 adducat
975 1768 1042 1796 me
1067 1751 1117 1796 ad
1145 1763 1185 1796 te
1208 1789 1219 1807 ‚
1247 1763 1288 1796 et
1309 1763 1444 1814 ponat
1464 1769 1505 1797 se
1526 1753 1567 1797 in
1598 1752 1700 1798 vul-

323 1842 424 1870 nera
439 1840 533 1868 mea
547 1834 588 1867 et
606 1833 801 1868 sanetea.
828 1823 1003 1882 Pungat
1021 1823 1066 1868 in
1086 1840 1152 1867 me
1177 1823 1442 1868 inflationem
1460 1824 1695 1887 superbiae‚

323 1895 468 1956 ejiciat
491 1894 767 1957 putredinem
795 1893 895 1943 irae,
921 1893 1132 1956 reprimat
1161 1910 1373 1938 venenum
1402 1894 1608 1951 invidiae,
1636 1911 1700 1939 re-

322 1975 436 2011 secet
453 1982 627 2010 carnem
648 1975 867 2008 mortuam
890 1963 1076 2019 acediae,
1102 1963 1270 2022 mitiget
1297 1963 1492 2009 dolorem
1525 1963 1699 2026 cupidi-

322 2039 420 2083 tatis
436 2046 478 2082 et
493 2036 702 2090 avaritiae,
720 2033 1233 2098 purgetsuperfluitatem
1257 2035 1390 2093 gulae,
1412 2045 1453 2080 et
1472 2034 1698 2080 odoriferis

323 2108 555 2168 unguentis
568 2106 881 2170 pulcherrimae
900 2105 1110 2150 castitatis
1128 2105 1247 2165 fuget
1272 2105 1472 2151 foetorem
1492 2105 1689 2152 luxuriae.

320 2181 490 2239 Tangat
518 2196 584 2224 me
603 2177 764 2237 digitus
793 2176 863 2221 ille
884 2214 893 2227 ,
928 2177 1004 2239 qui
1029 2175 1212 2221 distillat
1235 2177 1386 2221 vinum
1407 2214 1417 2231 ,
1448 2187 1489 2221 et
1515 2176 1655 2221 oleum
1680 2214 1692 2231 ,

319 2261 361 2296 et
389 2249 613 2313 myrrham
638 2247 1008 2310 probatissimam.
1025 2247 1194 2305 Tangat
1211 2264 1278 2291 me
1296 2246 1458 2307 digitus
1482 2257 1596 2302 tuus,
1613 2247 1695 2291 be-

321 2321 570 2382 nignissime
598 2321 808 2376 Domine,
841 2330 888 2365 ut
910 2318 1083 2364 sublata
1103 2319 1409 2381 corruptione,
1438 2318 1489 2363 ad
1519 2318 1692 2378 integri-

321 2405 452 2440 tatem
474 2409 539 2438 me
557 2392 781 2438 restituere
805 2391 1007 2451 dignetur
1022 2428 1032 2444 ‚
1063 2400 1110 2435 ut
1141 2400 1188 2435 tu
1217 2406 1317 2435 cum
1335 2391 1502 2435 veneris
1522 2407 1696 2436 manere

324 2465 370 2511 in
390 2481 458 2509 me
479 2479 654 2508 saccum
680 2461 947 2525 perforatum
967 2497 979 2516 ‚
1000 2460 1194 2506 invenias
1214 2460 1430 2520 integrum
1465 2460 1695 2506 habitacu-

366 2589 419 2638 (1)
434 2592 514 2625 cod.
533 2599 591 2623 est.
605 2608 652 2616 —-
669 2589 720 2634 (α)
733 2590 786 2624 Id.
806 2589 900 2622 iterat
918 2591 1000 2622 male
1016 2591 1117 2621 enim.
1129 2608 1179 2614 -—-
1190 2590 1240 2634 (3)
1255 2590 1303 2621 Id.
1319 2590 1484 2632 indigens.
