1885 3284
438 205 580 236 SERMO
617 205 735 244 xmx,
778 206 822 236 IN
861 207 934 236 DlE
973 205 1153 239 PASCHJE
1189 208 1230 237 V.
1438 192 1520 237 251

161 279 204 313 et
220 270 536 328 dispensationis
558 269 650 325 ejus
667 271 912 327 mysterium
941 288 1014 329 per
1036 288 1183 314 vanam
1214 272 1431 314 scientiam
1465 288 1531 329 pe-

163 346 353 388 netrare,
377 337 428 378 ad
450 351 574 393 quam
596 337 802 394 attingere
825 353 908 379 non
945 347 1173 395 potuerunt
1205 339 1413 379 naturales
1436 339 1534 395 phi-

161 401 350 460 losophi,
375 402 450 443 sed
467 410 607 459 aperta
623 401 701 443 suit
729 402 958 445 humilibus
986 403 1279 461 piscatoribus.
1308 403 1444 444 Homo
1470 404 1530 459 (ι)

162 467 305 525 igitur,
328 466 499 515 fratres,
524 481 599 523 per
628 468 884 509 mundanam
919 467 1166 525 sapientiam
1206 468 1535 524 profunditatem

163 532 464 576 lucarnationis
489 541 708 589 penetrare
741 548 822 574 non
857 543 1105 591 praesumat,
1139 535 1211 575 sed
1248 549 1357 575 assas
1391 548 1537 575 carnes

161 601 253 659 ejus
274 600 492 649 comedat,
520 609 565 642 nt
588 601 816 657 dispensari
840 601 979 642 onmia
1004 617 1078 658 per
1099 600 1325 658 Spiritcassa
1350 601 1435 643 neti
1466 617 1537 658 po-

170 667 342 710 tentiam
361 667 460 708 sciat
477 668 551 708 :de
572 681 654 722 quo
667 667 807 709 adhuc
825 677 939 709 reete
957 667 1246 724 subjungitur:
1265 670 1424 724 «Caput
1438 682 1539 709 cum

167 733 375 790 »pedibus
396 741 438 774 et
455 732 660 774 intestinis
685 732 882 775 vorabitis
898 733 928 775 ¹.
952 752 966 771 n
993 734 1130 790 Caput
1147 732 1259 774 enim
1279 733 1372 790 agni
1396 748 1540 774 vorare

166 806 230 840 est
245 798 506 840 divinitatem
527 797 618 853 ejus
640 799 858 855 percipere
878 813 886 839 :
912 800 1038 856 pedes
1055 813 1154 840 vero
1171 813 1318 839 vorare
1335 832 1344 847 ,
1371 806 1433 840 est
1455 813 1542 840 ves-

167 864 266 921 tigia
286 863 376 920 ejus
390 862 661 904 humanitatis
680 864 859 905 amando
881 872 924 905 et
942 864 1143 905 imitando
1160 862 1542 920 perquirere.Quid

166 929 292 971 etiam
316 943 391 986 per
416 927 611 970 intestina
628 961 637 977 ,
655 928 972 971 nisiverborum
991 929 1099 971 illius
1123 931 1290 971 occulta
1304 937 1346 971 et
1363 929 1540 986 mystica

165 994 385 1043 mandata,
409 1009 500 1051 quae
520 1002 623 1036 tunc
650 1010 843 1036 voramus
861 1027 871 1043 ,
897 1010 994 1037 cum
1018 996 1144 1037 verba
1170 996 1262 1037 vitae
1288 1011 1386 1037 cum
1409 994 1542 1037 avidi—

166 1069 252 1104 tate
273 1060 509 1102 sumimus?
536 1061 618 1103 Sed
641 1062 736 1117 quia
761 1062 899 1103 nullus
928 1061 1081 1103 sufficit
1101 1095 1110 1109 ‚
1143 1070 1189 1104 ut
1212 1076 1339 1103 omne
1375 1076 1543 1103 sacrum

166 1126 382 1184 eloquium
403 1126 636 1183 intelligere
660 1127 810 1184 possit,
837 1134 878 1169 et
900 1127 1147 1183 mysterium
1164 1142 1378 1169 sacrarum
1406 1126 1546 1183 Scrip-

165 1201 355 1236 turarum
378 1201 598 1250 penetrare
618 1208 626 1234 :
644 1210 659 1231 α
683 1192 768 1234 Sed
793 1192 824 1234 si
852 1193 954 1249 quid
980 1208 1029 1234 ex
1051 1208 1100 1234 eo
1132 1193 1383 1234 remanserit
1405 1225 1415 1240 ‚
1450 1192 1545 1249 igne

171 1257 563 1307 »coml›u1·etur²;»
593 1266 694 1300 tunc
715 1258 826 1300 enim
847 1273 944 1300 vere
966 1258 1116 1314 siquid
1134 1273 1184 1300 ex
1209 1273 1313 1316 agno
1338 1268 1543 1308 remanet,

171 1323 462 1368 comburimus
477 1355 488 1371 ,
507 1324 675 1380 quando
708 1323 788 1365 hoc
816 1324 930 1380 quod
951 1324 1002 1365 de
1027 1323 1226 1380 mysterio
1248 1324 1461 1366 Trinitatis
1479 1324 1544 1367 in—

170 1389 357 1448 telligere
378 1398 421 1431 et
438 1398 658 1446 penetrare
678 1403 761 1430 non
780 1404 1005 1446 possumus
1019 1422 1029 1438 ,
1050 1389 1247 1447 potentiae
1265 1390 1399 1432 saneti
1419 1389 1545 1447 Spiri-

170 1457 259 1503 tfis,
279 1454 350 1512 qui
374 1455 478 1512 ignis
500 1463 590 1502 est,
614 1454 831 1496 humiliter
845 1469 1107 1496 reservamus
1129 1471 1137 1497 :
1161 1470 1255 1498 vere
1273 1455 1354 1498 hoc
1372 1456 1464 1513 quis
1483 1456 1543 1511 (2)

168 1520 254 1579 igni
273 1519 398 1561 tradit
417 1551 427 1568 ,
452 1519 622 1576 quando
645 1518 818 1575 Spiritui
840 1528 985 1562 sancto
1013 1529 1210 1562 reservat.

227 1584 276 1628 V.
324 1584 422 1627 «Sic
442 1585 554 1626 enim
567 1586 799 1627 comedetis
818 1585 936 1627 illum
963 1602 971 1627 :
996 1586 1135 1629 Renes
1162 1595 1321 1628 vestros
1344 1587 1542 1644 accinge-

169 1670 185 1692 »
199 1650 250 1694 tis
263 1649 320 1693 ³.»
332 1651 385 1692 Et
397 1650 498 1707 quid
510 1658 573 1692 est
589 1665 710 1693 renes
728 1653 964 1710 accingere,
987 1652 1066 1693 nisi
1084 1652 1252 1694 lumbos
1266 1653 1546 1711 restringere?

170 1717 270 1759 Ideo
287 1716 358 1772 qui
382 1730 536 1773 agnum
563 1717 788 1759 comedere
806 1717 942 1774 cupit,
969 1717 1104 1774 primo
1134 1733 1255 1760 renes
1290 1718 1546 1775 praecingere

172 1781 299 1824 debet
315 1813 326 1830 ,
350 1781 422 1823 ubi
440 1791 503 1823 est
522 1782 722 1824 continua
744 1798 905 1840 pugna,
931 1784 1002 1824 sed
1016 1798 1111 1824 raro
1133 1784 1230 1825 satis
1255 1784 1548 1827 victoriacu-

171 1855 389 1892 ceamenta
417 1849 474 1904 (5)
507 1848 631 1890 etiam
654 1849 694 1890 in
717 1850 895 1907 pedibus
919 1858 1062 1891 tenere
1081 1849 1546 1902 debemus.Quidcnim

172 1930 251 1974 per
270 1916 418 1973 pedes,
444 1914 522 1956 nisi
541 1914 696 1972 opera?
733 1916 834 1973 quid
869 1931 944 1973 per
973 1916 1284 1964 calceamenta,
1328 1916 1405 1958 nisi
1437 1932 1547 1959 mor-

173 1990 344 2024 tuorum
365 1981 488 2022 vitam
503 1980 774 2038 conspicere,
799 1991 841 2024 et
867 1983 1040 2024 vulnera
1060 1991 1335 2039 peccatorum
1357 1998 1441 2025 non
1463 1992 1549 2025 ter-

175 2061 272 2104 gere
290 2042 387 2102 (4)Ξ)
409 2045 510 2102 quid
530 2046 643 2088 enim
665 2062 740 2104 per
762 2047 961 2089 baculum
979 2080 989 2095 ,
1012 2047 1090 2089 nisi
1114 2048 1332 2105 pastoralis
1356 2050 1548 2091 custodia

175 2111 448 2169 designatur?
483 2112 714 2154 Attendere
747 2127 951 2169 namque,
976 2113 1147 2161 fratres,
1177 2114 1381 2156 debemus
1400 2146 1410 2161 ‚
1435 2116 1550 2170 quod

175 2177 313 2235 primo
335 2176 577 2234 praecipitur
594 2193 713 2220 renes
741 2179 1021 2235 praecingere,
1055 2177 1324 2235 postmodum
1352 2179 1552 2221 baculum

176 2243 219 2287 in
235 2258 363 2287 manu
376 2251 532 2286 tenere.
550 2242 675 2287 Nullo
689 2245 801 2287 enim
816 2246 943 2287 modo
964 2243 1329 2287 debentbaculum
1347 2246 1553 2302 pastorale

227 2356 237 2379 ¹
253 2355 354 2389 Exod.
372 2367 435 2396 xu,
449 2367 481 2398 9.
497 2373 542 2381 -
555 2354 668 2388 21bid.
686 2367 735 2392 ιο,
756 2373 803 2380 -
816 2354 831 2379 ³
848 2356 933 2390 Ibid.
954 2368 965 2388 1
978 2368 1007 2391 x.

224 2446 274 2490 (1)
297 2447 391 2477 Deest
408 2444 503 2476 homo
521 2444 553 2476 in
575 2444 650 2478 cod.
668 2462 712 2470 -
731 2443 781 2490 (2)
806 2446 888 2478 Cod.
908 2454 994 2479 tunc.
1016 2462 1062 2473 -—
1081 2446 1126 2489 (3)
1150 2447 1198 2481 Id.
1222 2447 1456 2487 calciamenta,
1470 2448 1556 2481 etsie

178 2500 344 2545 deinceps.
358 2517 404 2525 —
427 2503 476 2543 (4)
493 2501 543 2533 Sic
568 2500 654 2545 cod.,
675 2512 733 2534 nec
749 2501 823 2534 satis
840 2502 934 2534 clare.
966 2505 1061 2535 Forte
1077 2502 1245 2545 legendum
1262 2527 1271 2542 ‚
1291 2502 1354 2534 m'si
1371 2513 1555 2535 sanctorum

180 2556 286 2590 vitam
300 2558 496 2601 conspicere,
509 2566 539 2590 et
550 2557 690 2590 vulnera
701 2566 908 2602 pcccatorum
925 2559 1108 2602 abstergere
1117 2562 1134 2589 ε’
