1868 3301
400 257 530 292 mnan
567 258 621 290 DE
658 257 860 290 ominus
895 256 1181 300 VIRTUTIBUS‚
1220 256 1317 290 ETc.
1453 242 1548 290 505

177 328 248 372 ubi
264 328 322 385 (1)
338 327 452 384 quod
473 326 542 369 hic
563 327 707 368 deesse
731 325 806 367 tibi
831 324 1043 373 decernis,
1070 325 1101 366 si
1120 325 1297 367 solerter
1309 324 1544 382 perquiras,

175 393 651 448 invenies.Quapropter
661 392 864 449 deprecor
875 389 1143 432 dilectionem
1156 399 1286 438 tuam,
1301 397 1349 432 ut
1359 390 1547 432 studium

175 474 341 518 semper
361 459 404 500 in
426 466 468 500 te
488 466 651 500 crescat
673 456 851 514 legendi.
878 456 1024 499 Nullus
1044 456 1177 504 enim,
1204 463 1251 497 ut
1268 463 1387 513 puto,
1407 462 1548 512 potest

173 525 250 568 Dei
270 523 455 582 perfecte
482 538 603 566 nosse
626 532 861 581 praecepta,
887 521 965 563 nisi
995 521 1066 578 qui
1098 520 1263 575 legendi
1294 520 1546 563 continuum

173 590 302 632 hahet
322 589 530 637 studium3
557 589 654 646 quia
685 595 843 645 quanto
866 587 1042 644 quisque
1067 586 1107 627 in
1127 586 1278 628 divinis
1317 584 1545 643 Scripturis

171 658 303 716 magis
322 658 510 700 assiduus
527 655 654 698 fuerit
669 688 680 704 ‚
699 664 815 698 tanto
845 655 1050 712 majorem
1074 669 1124 696 ex
1144 654 1202 697 eis
1225 653 1545 711 intelligentiam

173 724 309 780 capit3
336 722 443 764 sicut
471 731 604 769 terra,
635 729 793 778 quanto
822 721 952 778 magis
973 720 1196 769 excolitur,
1227 727 1343 762 tanto
1368 719 1547 776 amplius

170 787 413 831 fructificat.
438 787 541 830 Nam
565 787 752 844 quamvis
777 788 944 828 tardum
968 786 1060 843 quis
1086 786 1146 842 (2)
1171 800 1338 827 sensum
1364 785 1543 833 habeat,

173 854 330 911 aliquid
353 862 494 896 tamen
513 853 678 895 discere
699 854 856 910 poterit
879 868 929 895 ex
951 853 1266 910 Scripturarum
1300 851 1513 909 mysteriis
1533 883 1544 900 ‚

173 919 205 961 si
229 919 513 962 assiduitatem
537 918 706 975 legendi
729 918 940 960 habuerit.
960 919 1071 970 «Qui
1089 918 1362 965 enimhabet‚
1380 917 1550 958 dabitur

171 983 262 1032 nei,
289 991 330 1026 et
351 983 554 1041 quinon,
580 983 663 1040 jam
686 985 799 1040 quod
835 984 1004 1026 videtur
1033 983 1215 1032 habere,
1256 981 1468 1024 auferetur
1495 981 1545 1023 ab

170 1049 272 1091 »ου’
296 1065 307 1098 ;
333 1067 349 1088 n
376 1049 421 1091 id
443 1056 528 1097 est,
556 1048 625 1104 qui
643 1048 772 1090 habet
795 1049 980 1091 studium
1004 1049 1168 1107 legendi
1192 1081 1202 1097 ‚
1229 1047 1399 1090 dabitur
1419 1046 1546 1089 etiam

171 1114 230 1157 illi
250 1123 293 1156 et
314 1113 575 1172 intelligendi
596 1113 799 1162 facilitas,
836 1123 877 1156 et
904 1115 974 1172 qui
1006 1129 1090 1156 non
1122 1114 1251 1156 habet
1279 1113 1466 1156 studium
1490 1113 1548 1154 le-

170 1179 297 1238 gendi
318 1212 328 1230 ‚
352 1180 478 1221 etiam
497 1179 610 1236 quod
631 1180 800 1222 videtur
821 1180 978 1222 habere
993 1213 1003 1229 ,
1029 1180 1075 1223 id
1091 1182 1175 1227 est,
1205 1179 1320 1236 quod
1339 1176 1546 1220 naturali-

170 1252 236 1287 ter
265 1245 424 1286 bonum
450 1244 673 1299 intelligit,
708 1253 882 1302 propter
906 1245 1111 1302 ignaviam
1137 1243 1228 1300 ejus
1258 1244 1474 1285 auferetur
1493 1241 1544 1284 ab

170 1324 244 1358 eog
260 1319 301 1352 et
318 1310 424 1351 sicut
448 1310 517 1351 ille
537 1309 610 1365 qui
637 1310 784 1350 tardus
806 1319 868 1351 est
907 1311 959 1350 ad
991 1309 1311 1366 intelligendum
1327 1341 1337 1357 ,
1372 1321 1449 1365 pro
1471 1320 1547 1348 sua

169 1375 280 1417 bona
303 1374 576 1432 intelligentia
597 1375 660 1416 vel
680 1374 722 1415 in
745 1374 978 1416 tentatione
999 1375 1174 1431 recipiet
1188 1373 1385 1431 gloriarm
1406 1370 1546 1414 itaille

169 1439 242 1497 qui
265 1441 472 1482 talentum
493 1439 574 1482 sibi
606 1440 751 1481 datum
781 1439 975 1496 negligit,
1017 1439 1390 1482 condemnabitur.
1431 1437 1545 1488 Qua-

168 1512 342 1561 propter
380 1504 589 1545 admoneo
620 1502 872 1545 charitatem
915 1513 1053 1552 tuam,
1087 1513 1132 1545 ut
1166 1503 1351 1546 studium
1390 1502 1545 1544 habeas

166 1570 348 1627 legendi.
363 1569 468 1621 Quae
488 1569 601 1610 enim
619 1569 850 1617 nescimus,
862 1583 913 1611 ex
930 1569 1094 1611 assidua
1109 1570 1310 1613 Lectione
1326 1568 1541 1616 discimus,

167 1634 265 1691 quia
287 1635 424 1675 omnis
445 1634 658 1691 profectus
676 1648 726 1675 ex
753 1633 956 1676 Lectione
979 1635 1193 1691 procedit,
1220 1635 1318 1691 quia
1351 1633 1506 1675 dicitur
1531 1647 1541 1673 :

179 1717 192 1737 ι
205 1698 406 1742 Oratione
419 1699 619 1741 continua
632 1713 653 1740 a
667 1698 775 1740 vitiis
793 1699 1066 1748 mundamur,
1083 1699 1358 1742 Lectionibus
1376 1697 1547 1740 instrui-

169 1779 287 1814 m·u1r;
310 1773 540 1821 utrumque
562 1765 723 1806 bonum
745 1773 810 1806 est
826 1765 859 1806 si
880 1765 1030 1813 liceat3
1055 1765 1088 1807 si
1108 1780 1192 1808 non
1216 1765 1341 1809 liceat
1361 1796 1372 1813 ‚
1390 1763 1543 1806 melius

169 1839 233 1873 est
247 1844 369 1873 orare
386 1845 513 1887 quam
529 1831 684 1886 legere.
712 1829 987 1887 Quicumque
1011 1832 1101 1873 vult
1122 1846 1220 1874 cum
1252 1831 1342 1874 Deo
1376 1844 1546 1888 semper

165 1910 278 1946 esse,
302 1896 546 1953 frequenter
567 1896 694 1939 debet
717 1910 838 1938 orare
854 1931 866 1946 ‚
892 1907 936 1940 et
956 1896 1202 1954 frequenter
1227 1898 1380 1954 legere.
1407 1896 1512 1939 Nam
1530 1928 1542 1946 ‚

165 1975 264 2004 cum
278 1975 446 2004 oramus
462 1993 473 2011 ‚
495 1975 595 2005 cum
608 1961 696 2003 Deo
709 1961 943 2018 loquimur3
969 1977 1066 2005 cum
1089 1977 1188 2005 vero
1205 1962 1385 2019 legimus
1402 1993 1414 2011 ‚
1432 1961 1545 2004 Deus

170 2025 395 2069 nobiscum
421 2025 624 2084 loquitur.
640 2044 657 2065 ι)
675 2025 719 2069 Si
740 2026 832 2069 haec
852 2026 908 2069 ita
934 2027 1040 2077 sint,
1063 2043 1088 2070 o
1111 2028 1200 2070 Deo
1218 2028 1358 2070 dicata
1392 2026 1540 2077 Mater,

167 2106 338 2136 necesse
357 2100 422 2136 est
443 2092 520 2135 tibi
547 2091 695 2136 orandi
722 2092 976 2151 legendique
999 2093 1186 2136 studium
1205 2093 1373 2135 habere.
1398 2092 1544 2136 Lectio

166 2157 280 2201 enim
301 2156 588 2216 cognitionem
607 2156 686 2200 Dei
708 2158 976 2202 administrat
994 2189 1006 2208 ,
1028 2158 1173 2204 Lectio
1203 2159 1400 2201 tenebras
1421 2157 1543 2215 igno-

165 2223 312 2267 rantiae
326 2223 464 2281 fugat,
485 2222 632 2266 Lectio
657 2222 824 2266 homini
844 2223 1064 2267 scientiam
1090 2223 1254 2266 confert
1269 2239 1280 2273 ;
1316 2222 1538 2273 Lectione,

165 2286 243 2331 Dei
264 2289 450 2332 studium
468 2288 746 2346 omniumque
767 2290 972 2334 virtutum
988 2304 1106 2332 amor
1123 2289 1424 2347 nutritur;per
1437 2287 1542 2331 Lec-

166 2353 325 2399 tionem
346 2369 601 2413 cognoscere
623 2364 743 2413 potes
761 2389 774 2406 ,
796 2357 928 2415 qualis
951 2356 1193 2407 beatitudo,
1218 2356 1351 2413 qualis
1372 2355 1503 2413 gloria
1523 2387 1535 2404 ‚

166 2420 300 2477 qualis
324 2421 384 2478 (5)
405 2420 458 2463 sit
475 2420 643 2464 claritas
666 2436 759 2479 quae
779 2423 1042 2482 promittitur
1069 2422 1234 2466 Sanctis
1266 2422 1463 2465 omnibus
1492 2429 1535 2464 et

213 2531 226 2553 ¹
244 2528 364 2563 Matth.
381 2541 462 2571 xm,
482 2542 536 2566 11.

215 2609 265 2656 (ι)
280 2610 359 2647 God.
379 2611 460 2644 male
477 2611 547 2646 vel.
567 2630 610 2637 —
632 2611 681 2657 (a)
696 2615 796 2647 Deest
809 2613 880 2658 quis
893 2613 927 2648 in
941 2614 1018 2650 cod.
1032 2631 1079 2642 —
1092 2611 1148 2662 (3)
1165 2614 1246 2650 eod.
1262 2626 1350 2659 quae.
