1868 3301
299 278 393 339 403
557 295 593 327 s.
637 294 887 329 »mensum
922 296 1132 330 EPIscom
1168 296 1407 334 Appnumx.

356 363 402 406 V.
436 362 519 406 Sed
545 362 656 406 dicet
679 365 769 421 quis
795 380 804 407 ε
830 365 941 407 Ecce
968 368 1152 408 Joannes
1178 366 1292 425 virgo
1321 368 1400 411 fuit
1432 377 1475 412 et
1494 378 1664 421 castus;

294 443 394 471 ecce
408 428 687 486 virginitatem
705 429 846 478 amisi;
869 431 1077 487 numquid
1093 446 1186 473 eam
1204 447 1457 491 recuperare
1473 436 1668 493 possum?

292 493 463 538 Minime
486 494 673 537 omnino.
698 495 790 552 Ipsa
808 509 1006 552 namque,
1032 496 1064 538 si
1084 497 1263 554 rapitur,
1284 500 1522 544 nullatenus
1544 517 1667 560 repa-

290 569 430 614 ratur3
454 562 641 618 quamvis
659 563 904 619 poenitendo
930 562 1061 604 veniae
1084 563 1273 606 fructum
1293 566 1492 623 recipiat,
1528 569 1666 610 incor-

289 626 530 684 ruptionem
549 628 786 669 nullatenus
810 636 952 669 tamen
975 628 1126 685 recipit
1147 630 1381 686 pristinam.
1410 632 1507 674 Haec
1525 643 1666 676 autem

289 692 527 742 credimus,
550 693 724 742 fratres,
748 702 789 735 et
813 694 1052 736 nullatenus
1076 695 1330 738 dubitamus.
1365 697 1402 739 Ο
1430 713 1554 754 quam
1586 700 1666 742 bo-

286 774 413 808 num,
439 774 463 801 o
481 774 607 817 quam
628 774 754 801 suave
775 793 785 809 ,
809 774 833 801 o
852 775 977 816 quam
995 761 1222 818 gratiosum
1239 771 1301 804 est
1321 763 1409 805 Deo
1431 779 1562 820 genus
1580 766 1665 808 vir-

286 825 493 883 ginitatis,
520 827 615 883 quia
633 826 674 868 in
698 826 779 868 hoc
804 834 846 868 et
870 826 1204 870 sollicitudinem
1230 829 1289 884 (ι)
1312 832 1453 872 saeculi
1477 832 1661 883 amittit,

286 900 327 933 et
345 892 385 933 in
400 892 542 934 futuro
556 900 761 934 aeternum
783 892 986 934 castitatis
1000 894 1180 951 percipit
1196 896 1417 952 praemium
1432 898 1663 953 gratiosum

235 983 237 985 ·
284 967 325 999 et
347 957 585 1015 copiosum!
611 957 869 1015 Conjugium
888 972 1138 1000 concessum
1161 968 1223 1001 est
1241 992 1251 1009 ‚
1277 963 1352 1003 sed
1368 962 1583 1019 virginitas
1597 966 1667 1007 ad-

281 1025 442 1066 monita
466 1033 528 1066 est
550 1032 736 1073 tantum,
771 1038 856 1065 non
881 1023 1018 1079 jussa:
1044 1032 1085 1065 et
1106 1024 1200 1066 ideo
1231 1034 1395 1068 tantum
1421 1029 1659 1079 admonita,

282 1090 379 1146 quia
402 1090 527 1132 nimis
550 1091 727 1132 excelsa.
767 1089 854 1131 Nec
875 1089 1056 1131 dubium
1081 1098 1169 1138 est,
1188 1092 1302 1147 quod
1329 1092 1400 1148 qui
1432 1093 1472 1134 in
1494 1093 1663 1151 virgini-

281 1164 367 1197 tate
385 1155 828 1212 perseverat‚Angelis
843 1153 1051 1196 efficiatur
1067 1157 1249 1212 aequalis.
1273 1157 1411 1200 Omne
1428 1159 1540 1201 enim
1563 1175 1663 1217 pec-

279 1229 422 1263 catum
440 1236 516 1277 per
533 1220 826 1278 poenitentiam
846 1220 997 1277 recipit
1016 1221 1181 1263 veniam
1195 1254 1206 1270 ‚
1232 1223 1306 1263 sed
1334 1224 1419 1265 sola
1448 1225 1660 1282 virginitas

280 1287 429 1328 amissa
455 1286 538 1344 (2),
568 1295 614 1328 ut
636 1286 817 1328 diximus
836 1319 846 1335 ‚
871 1287 1112 1328 nullatenus
1135 1296 1365 1344 reparatur.

340 1352 404 1395 VI.
416 1352 544 1410 Virgo
556 1361 698 1395 tamen
710 1368 852 1401 carne,
867 1353 1034 1395 sednon
1047 1361 1205 1401 mento,
1220 1354 1426 1411 numquid
1440 1358 1662 1414 praemimn

277 1433 374 1460 cum
387 1419 619 1476 virginibus
631 1418 896 1477 possidebit?
919 1418 1063 1467 Absit3
1082 1419 1189 1461 nihil
1206 1420 1317 1462 enim
1339 1424 1510 1478 prodest
1527 1423 1661 1466 incor-

275 1485 416 1541 ruptio
429 1485 566 1527 carnis
586 1486 658 1527 ubi
680 1499 765 1526 non
788 1492 850 1526 est
875 1483 1092 1541 integritas
1126 1485 1298 1534 mentis,
1338 1486 1526 1543 nihilque
1551 1490 1660 1532 valet

276 1550 484 1592 mundum
494 1566 584 1592 esse
598 1565 793 1608 corpore,
809 1549 984 1605 ubiquis
993 1550 1180 1606 pollutus
1195 1551 1246 1592 sit
1257 1552 1459 1594 mente.O
1471 1554 1654 1604 castitas,

277 1616 479 1658 securitas
501 1615 655 1658 mentis
669 1648 679 1664 ,
695 1615 851 1657 sanitas
870 1615 1060 1672 corporis
1073 1647 1082 1663 ,
1099 1615 1459 1660 oblectamentum
1486 1619 1545 1674 (5)
1564 1621 1654 1668 Dei,

278 1690 321 1723 et
338 1683 600 1739 Angelorum
623 1696 758 1730 soror,
783 1695 910 1737 quam
930 1680 1065 1721 dulcis
1088 1688 1129 1722 et
1150 1680 1297 1723 fertilis
1318 1685 1382 1723 es!
1404 1683 1558 1726 Beatus
1585 1685 1658 1742 qui

272 1755 316 1789 te
351 1757 488 1797 amat3
521 1749 594 1790 sed
614 1755 656 1790 te
679 1761 822 1790 amare
849 1754 1013 1789 tantum
1039 1761 1125 1788 non
1150 1746 1347 1804 proficit,
1378 1748 1457 1791 nisi
1484 1750 1609 1793 etiam
1635 1768 1656 1794 a

276 1815 453 1857 terrenis
491 1814 709 1858 desideriis
737 1829 781 1857 se
809 1813 1084 1864 subtraxerit,
1123 1829 1176 1856 ne
1211 1828 1231 1855 a
1264 1814 1446 1857 Domino
1481 1817 1655 1861 audiat:

287 1898 303 1919 «
324 1882 460 1923 Amen
476 1880 572 1923 dico
593 1880 711 1923 vobis
735 1895 744 1922 τ
768 1879 920 1923 Nescio
937 1895 1010 1922 vos
1024 1880 1055 1921 ¹.
1075 1898 1090 1919 >³
1117 1879 1349 1923 Luxuriosa
1374 1882 1554 1939 denique
1572 1884 1652 1926 vita

278 1961 450 1989 carnem
475 1947 560 1990 cito
584 1947 798 2000 debilitat,
822 1955 863 1988 et
886 1946 1101 1988 debilitata
1124 1947 1207 1989 cito
1229 1947 1281 1988 ad
1299 1957 1559 1991 senectutem
1586 1951 1654 1992 de·

276 2013 448 2055 ducitur
473 2029 482 2055 :
503 2022 546 2056 et
566 2013 668 2056 licet
688 2028 773 2056 non
793 2013 946 2055 debeat
971 2012 1184 2069 corripere
1203 2013 1338 2054 aliena
1362 2014 1462 2056 vitia
1483 2016 1554 2072 qui
1578 2016 1653 2058 ali-

274 2081 444 2136 quando
461 2079 538 2121 suit
561 2095 709 2122 eorum
741 2079 939 2122 vitiorum
963 2078 1290 2135 cogitationibus
1308 2081 1493 2137 repletus
1513 2115 1524 2131 ,
1554 2082 1654 2125 licet

276 2146 403 2187 etiam
426 2146 668 2203 improbum
692 2146 744 2188 sit
781 2160 955 2203 arguere
988 2144 1218 2201 quidquam
1244 2145 1285 2186 in
1309 2146 1411 2195 alio,
1439 2148 1552 2203 quod
1577 2148 1652 2190 ali-

277 2212 448 2267 quando
472 2210 611 2255 adhuc
633 2212 829 2270 cognovit
863 2212 905 2254 in
933 2211 1159 2269 semetipso
1175 2243 1186 2260 ‚
1211 2219 1352 2254 tamen
1380 2213 1560 2270 protecti
1585 2214 1650 2256 ‹li-

277 2277 374 2319 vino
395 2278 571 2329 auxilio,
598 2279 697 2322 licet
727 2278 1009 2337 virginitatem
1040 2278 1330 2327 amiserimus,
1357 2280 1409 2321 ad
1441 2279 1653 2337 virginita-

271 2350 358 2385 tem
378 2352 519 2386 tamen
539 2359 611 2387 vos
629 2344 805 2388 invitare
823 2360 909 2388 non
926 2345 1230 2388 erubescimus.
1255 2345 1307 2387 Et
1329 2345 1361 2387 si
1377 2343 1590 2388 Joannem
1607 2346 1649 2388 in

275 2407 358 2450 hoc
377 2409 494 2467 sequi
511 2418 554 2452 et
571 2410 821 2454 imitarinon
837 2426 1080 2469 possumus,
1094 2411 1128 2454 si
1146 2425 1243 2454 cum
1254 2424 1305 2453 eo
1320 2411 1380 2466 (4)
1399 2410 1550 2454 florem
1563 2411 1647 2453 vir-

315 2521 327 2544 ¹
345 2522 466 2555 Matth.
484 2533 560 2563 xxv,
578 2535 632 2559 12.

315 2603 369 2652 (x)
400 2605 483 2641 Cod.
506 2606 723 2640 solitudinem.
744 2624 790 2632 —
808 2605 858 2652 (2)
885 2606 936 2642 Id.
969 2607 1051 2641 male
1078 2605 1274 2653 ‘virginitate
1305 2607 1441 2644 amissa.
1459 2625 1506 2633 —
1527 2607 1576 2654 (3)
1595 2609 1646 2644 Id.

266 2660 436 2706 objectum,
454 2680 500 2688 -
514 2662 561 2708 (4)
586 2663 633 2696 Id.
653 2675 772 2700 secum,
