1885 3284
354 383 499 416 sunno
536 383 596 424 ιι,
636 384 682 414 ιΝ
719 383 881 415 numus
920 382 1222 414 rAscoAnncs
1259 383 1289 414 1.
1419 369 1511 431 269

139 460 231 500 θεὶς
271 451 373 493 tales
404 449 560 492 exclusi
585 458 682 490 suut
713 449 762 490 ab
794 448 910 490 omni
943 448 1142 490 Ecclesiae
1165 448 1378 497 oratioue:
1407 449 1510 491 talos

138 516 360 574 participes
384 530 466 556 non
491 523 589 556 sunt
613 514 1026 556 bonorum.Caveant
1047 514 1219 556 omnino
1244 516 1369 564 tales,
1392 529 1443 556 ne
1461 515 1513 556 ad

137 595 329 624 mensam
351 580 504 623 Christi
521 579 647 621 hodie
664 580 855 632 veniant,
872 581 949 621 nisi
968 581 1241 637 poeniluerint
1257 613 1267 628 ,
1290 590 1331 622 et
1352 581 1513 636 integre

139 649 341 696 reddant,
364 647 460 703 quia
483 661 566 688 non
601 645 836 687 dimittetur
872 647 929 688 eis
960 654 1181 704 peccatum
1203 679 1213 699 ,
1237 647 1313 688 nisi
1339 647 1511 689 omniuo

139 712 384 755 restituatur
409 711 606 753 ablatum.
643 711 783 767 Aliqui
808 720 905 752 sunt
928 712 998 767 qui
1035 712 1086 753 ad
1126 726 1313 753 mensam
1345 711 1513 754 Domini

138 778 314 820 veniunt
339 776 419 832 (ι),
445 784 486 817 ct
510 784 727 832 postquam
754 777 926 818 saturati
951 777 1119 828 suerint,
1147 786 1310 834 tergum
1331 777 1510 819 Domino

138 852 321 886 vertunt.
345 843 466 886 Tales
490 850 612 890 sunt,
637 842 707 898 qui
739 845 788 883 ad
814 852 978 900 tempus
1015 842 1113 885 boni
1144 851 1269 890 sunt,
1304 844 1376 884 scd
1417 851 1513 899 post

134 908 290 951 Pascha
314 908 452 950 statim
474 916 745 949 revertuntur
768 908 820 949 ad
843 908 1044 950 vomitum
1062 941 1070 956 ‚
1116 916 1159 949 ut
1183 907 1349 951 canes¹.
1372 909 1512 965 Aliqui

135 982 232 1015 sunt
254 973 354 1015 boni
376 981 689 1030 perseverantes
712 972 749 1013 in
775 973 909 1025 bono,
928 988 1003 1030 pro
1021 973 1171 1030 quibus
1196 974 1399 1015 Dominus
1422 975 1510 1015 sol-

135 1039 251 1080 licite
268 1038 433 1080 Patren]
458 1046 596 1094 rogat,
627 1046 673 1079 ut
703 1053 774 1079 eos
798 1044 1019 1080 conservet
1040 1039 1079 1080 in
1109 1039 1277 1080 nomine
1305 1054 1391 1081 suo.
1421 1039 1513 1081 Istis

137 1104 346 1146 'Dominus
367 1119 464 1145 vere
487 1104 702 1161 apparuit3
726 1104 790 1145 isli
815 1119 909 1145 vere
923 1105 1255 1162 Dominicorpus
1277 1105 1509 1162 reeipiun[;

136 1170 200 1212 isti
224 1171 382 1212 Pascha
407 1177 450 1211 et
471 1169 623 1210 festum
648 1169 833 1218 habcnt3
856 1171 919 1212 isli
944 1172 1403 1228 gaudentellaetantur,
1428 1171 1513 1212 sive

137 1237 294 1277 bonum
319 1235 402 1276 sive
424 1235 582 1276 malum
604 1235 663 1276 eis
683 1234 766 1276 fiat.
801 1235 954 1278 Omnia
977 1237 1088 1278 enim
1113 1236 1347 1285 sustinent,
1372 1236 1512 1278 omnia

135 1301 342 1359 patienter
363 1308 531 1357 portant
548 1332 558 1347 ‚
586 1301 730 1341 onmia
749 1300 956 1342 sufferunt
975 1302 1016 1343 in
1053 1301 1208 1343 Christi
1231 1302 1402 1343 nomine
1418 1333 1428 1349 ‚
1461 1302 1512 1342 de

134 1380 314 1422 quorum
341 1380 518 1406 numero
542 1380 616 1406 nos
639 1365 763 1407 saciat
785 1366 853 1408 ille
884 1367 953 1423 qui
983 1381 1058 1424 pro
1094 1366 1216 1408 nobis
1242 1367 1349 1408 mori
1377 1375 1418 1408 et
1439 1382 1508 1408 re-

133 1446 303 1488 surgere
323 1430 513 1487 dignalus
536 1438 610 1471 est.
634 1430 780 1472 Amen.

196 1495 240 1538 V.
279 1495 439 1538 Vellem
460 1495 613 1543 adhuc,
632 1495 889 1537 dilectissimi
912 1496 1081 1542 fratres,
1102 1496 1153 1538 de
1178 1497 1378 1553 praedicto
1400 1511 1509 1555 mys-

134 1561 240 1604 terio
258 1561 377 1618 plura
400 1568 596 1608 tractare,
611 1568 651 1601 et
664 1561 841 1618 longiori
859 1575 1052 1602 sermone
1070 1560 1109 1601 in
1129 1561 1195 1602 die
1212 1570 1336 1604 tanlae
1354 1563 1509 1605 solem-

133 1627 273 1669 nitatis
306 1640 469 1668 moram
506 1626 752 1683 protrahere
771 1660 779 1673 ‚
813 1628 885 1668 secl
907 1627 996 1668 haec
1021 1625 1254 1676 sufficiant,
1280 1637 1322 1670 et
1349 1629 1508 1670 utinam

134 1691 244 1734 dicta
270 1690 474 1750 perficere
497 1691 679 1732 valeatis.
724 1692 790 1733 Ad
824 1706 1010 1734 mensam
1038 1707 1138 1748 ergo
1165 1693 1334 1735 Domini
1357 1694 1510 1751 singuli

134 1756 343 1798 accedatis
366 1756 524 1808 devoti,
539 1764 580 1797 et
597 1765 816 1812 postquam
829 1772 944 1798 sacra
963 1757 1260 1800 communione
1279 1758 1508 1801 refeceritis

135 1832 318 1864 mentem
335 1855 344 1870 ,
369 1836 516 1863 secure
540 1823 808 1877 postmodum
837 1823 1013 1879 pascalis
1040 1831 1082 1864 et
1119 1832 1305 1866 ventrem
1332 1862 1341 1879 ‚
1364 1825 1505 1866 omnia

135 1896 272 1929 tamen
291 1902 387 1929 cum
412 1885 599 1944 pondere
616 1899 658 1928 et
679 1902 874 1930 mensura
890 1897 1120 1938 sumentes,
1141 1898 1185 1932 ut
1202 1899 1344 1932 mente
1357 1899 1399 1932 et
1410 1905 1505 1933 cor-

133 1967 234 2011 pore
261 1952 349 1995 sani
378 1951 669 2010 permaneatis.
695 1952 846 1995 Amen.

181 2060 191 2082 ¹
209 2062 302 2091 Prov.
320 2069 410 2099 xxvi,
431 2069 442 2088 1
455 2070 481 2090 ι.

181 2131 232 2178 (ι)
251 2131 331 2168 eod.
352 2131 497 2163 venient.
