1885 3284
376 269 520 299 SEnMO
558 268 714 310 xxxix,
753 268 807 297 DE
847 265 1058 296 rAssloNE
1096 264 1260 295 nomm
1299 265 1364 294 111.
1460 264 1542 294 201

181 333 256 374 viri
277 333 383 375 sacta
400 366 409 381 ‚
430 334 730 374 'veneruntduo
749 333 832 374 ursi
849 333 899 374 de
917 331 1030 388 sylva
1048 338 1090 372 et
1112 330 1421 372 devoraverunt
1442 330 1546 371 illos.
1602 357 1606 361 -

180 398 363 447 Eliseus,
389 400 562 448 fratres,
587 399 778 440 Christus
797 407 857 440 est
874 430 883 445 ,
904 397 974 454 qui
999 397 1141 436 calvus
1163 402 1249 442 est,
1266 395 1433 436 etomni
1457 409 1553 451 pec-

181 473 274 506 cato
300 465 506 523 privatus;
541 464 679 521 capilli
704 464 815 505 euim
846 463 1033 504 membra
1057 469 1154 502 sunt
1176 459 1358 501 hominis
1393 459 1551 514 absque

181 544 326 578 sensu,
351 545 425 587 per
445 544 552 586 quos
578 529 789 586 superflua
824 526 1137 584 significantur;
1166 540 1316 582 pueros
1352 540 1448 566 vero
1470 525 1550 566 Ju-

180 595 290 637 daeos
313 611 401 637 esse
425 595 633 652 intelligo,
659 595 729 652 qui
751 595 952 642 Discum,
993 592 1207 634 Christum
1243 591 1488 633 deridebant
1506 590 1547 632 in

180 669 323 702 monte
355 660 556 702 Calvariae
592 661 888 702 ascendentem
914 674 922 700 :
951 667 1089 699 tamen
1114 659 1197 698 duo
1223 657 1305 697 ursi
1340 665 1548 699 venerunt

181 727 231 767 de
249 727 362 783 sylva
381 727 694 773 Romanorum,
715 726 875 767 seilicet
894 723 1171 780 Vespasianus
1194 730 1234 762 et
1251 721 1368 763 Titus
1386 722 1436 762 de
1453 735 1552 777 gen·

180 792 351 837 tilitate.
378 801 471 849 post
505 800 687 834 mortem
715 791 869 833 Christi
893 790 1009 832 annis
1030 788 1304 845 quadraginta
1326 819 1335 834 ,
1360 796 1401 829 et
1426 788 1553 828 devo-

179 865 377 898 raverunt
396 872 547 913 pueros
569 855 752 898 Jndaeos.

236 920 287 964 V.
320 922 466 978 Igitur,
489 921 637 963 fratres
655 955 664 969 ‚
702 936 850 963 cavere
892 920 1095 962 debemus
1120 933 1171 960 ne
1194 918 1407 960 Christum
1434 918 1552 959 delu-

179 987 326 1028 damus
351 987 391 1027 in
410 986 637 1034 memhris,
673 986 834 1028 scilicet
861 985 901 1027 in
926 985 1010 1026 suis
1035 984 1229 1026 fidelibus
1248 1016 1257 1031 ,
1282 999 1333 1025 ne
1356 982 1553 1025 maledic—

178 1051 282 1093 tioni
305 1051 438 1094 cham
463 1051 770 1107 subjaceamus.
794 1051 966 1108 Legitur
983 1050 1095 1091 enirn
1111 1050 1224 1106 quod
1247 1048 1430 1091 Nostros
1446 1047 1553 1090 filios

178 1116 349 1163 habuit,
375 1117 535 1159 scilieet
556 1116 676 1165 Sem,
702 1116 836 1158 Cham
859 1124 900 1158 et
921 1115 1118 1173 Japheth.
1147 1115 1235 1157 Noe
1266 1116 1468 1172 plantavit
1491 1114 1552 1156 vi—

179 1197 301 1224 neam
318 1215 327 1230 ‚
353 1191 394 1224 et
413 1184 464 1224 de
486 1182 580 1224 vino
603 1182 713 1224 illius
733 1181 964 1224 inebriatus
982 1189 1065 1233 est,
1090 1181 1344 1237 dormiitque
1363 1180 1401 1221 in
1422 1180 1556 1221 taher-

177 1250 329 1290 naculo
349 1280 358 1295 ,
399 1248 575 1290 detectis
624 1247 856 1289 virilibus⁴.
901 1245 1056 1288 Videns
1096 1253 1234 1287 autem
1277 1245 1410 1287 cham
1445 1244 1554 1286 filius

179 1313 265 1356 Noe·
289 1323 449 1370 patrem
473 1329 594 1355 suum
621 1315 860 1361 detectum,
886 1312 1030 1354 derisit
1052 1320 1093 1353 et
1117 1312 1379 1353 denuntiavit
1412 1311 1551 1352 fratri—

181 1379 267 1420 bus.
298 1379 390 1420 Duo
413 1394 512 1421 vero
545 1380 694 1420 fratres
732 1379 814 1419 hoe
853 1377 1090 1429 audientes,
1117 1385 1414 1433 processerunt
1453 1390 1550 1417 cum

178 1443 304 1501 pallio
329 1459 444 1485 versa
464 1444 569 1485 faeie
595 1452 838 1500 pergentes,
866 1457 918 1483 ne
942 1443 1067 1498 patris
1092 1443 1396 1497 turpitudinem
1433 1442 1553 1482 vide-

177 1518 283 1551 rent.
310 1509 435 1551 Pater
459 1525 558 1551 vero
583 1524 680 1551 eum
713 1508 929 1551 didicisset
969 1508 1029 1563 (1)
1071 1507 1184 1556 haec,
1214 1508 1429 1549 maledixit
1467 1522 1551 1549 non

179 1575 335 1623 Cham,
366 1575 440 1616 sed
470 1574 670 1616 Chanaan
703 1573 835 1615 filium
860 1573 950 1628 ejus
972 1605 981 1621 ,
1018 1582 1060 1614 rt
1084 1573 1139 1614 ait
1164 1572 1462 1614 :«Maledietus
1502 1572 1555 1614 sit

177 1642 431 1689 »Chanaan3
457 1657 600 1682 servus
629 1642 680 1682 sit
707 1640 883 1682 fratrum
906 1638 1124 1681 suorum2.
1142 1658 1156 1677 n
1202 1639 1313 1686 Noe,
1341 1639 1411 1694 qni
1436 1639 1550 1694 quies

178 1706 492 1763 interpretatur,
518 1706 730 1747 Christum
758 1702 978 1761 significat.
1011 1704 1180 1746 Vineam
1207 1719 1331 1759 quam
1355 1704 1555 1760 plantavit

177 1770 383 1827 significat
419 1771 587 1813 ‹Judaeos
609 1804 618 1818 ‚
647 1771 716 1827 qui
740 1773 948 1813 dederunt
973 1770 1028 1811 illi
1051 1770 1109 1827 (2)
1141 1770 1282 1811 vinum
1315 1770 1550 1825 passionis;

178 1835 519 1891 obdormivitque
542 1835 581 1876 in
607 1850 758 1886 cruce,
785 1844 825 1876 et
851 1846 951 1877 tune
982 1835 1246 1891 discooperta
1281 1842 1379 1875 sunt
1411 1844 1451 1875 et
1477 1835 1552 1875 (le-

179 1901 332 1942 nudata
357 1901 544 1942 membra
568 1900 671 1955 ejus.
698 1901 792 1942 Duo
811 1900 956 1942 fratres
972 1910 1067 1941 sunt
1086 1902 1171 1941 dno
1195 1900 1359 1957 populi,
1381 1899 1552 1941 Judaeus

177 1966 340 2008 scilicet
363 1975 404 2007 et
425 1966 612 2023 Paganus
630 1999 639 2014 ‚
660 1968 728 2022 qui
753 1966 940 2008 videntes
971 1975 1132 2024 patrem
1155 1967 1194 2008 in
1217 1981 1344 2007 eruce
1362 1967 1553 2007 denuda»-

177 2040 266 2073 tum
285 2065 294 2079 ‚
325 2047 431 2072 unus
451 2031 694 2073 necessitati
719 2032 918 2077 Pilatum,
940 2041 985 2072 ut
1002 2034 1053 2073 de
1078 2047 1204 2073 eruce
1228 2033 1479 2079 elevaretur,
1513 2039 1555 2072 et

179 2098 283 2139 alter
305 2096 549 2138 linteamina
579 2098 757 2139 candida
786 2098 936 2139 detulit
963 2098 1047 2153 (5),
1085 2105 1130 2138 ut
1165 2112 1265 2138 (eum
1292 2097 1550 2138 involverent

177 2171 334 2205 etcum
361 2163 643 2219 cooperirent.

239 2227 283 2269 V.
322 2227 414 2270 Oh!
439 2228 540 2284 quid
555 2244 652 2284 ergo
671 2261 680 2276 ,
708 2228 879 2277 fratri-s,
902 2228 1102 2269 faciemus
1119 2262 1127 2276 ‚
1155 2228 1186 2268 si
1207 2242 1378 2269 crucem
1398 2227 1552 2271 Christi

178 2308 259 2335 non
284 2293 531 2350 portamus?
553 2293 660 2335 Sunt
681 2293 792 2334 enim
818 2293 988 2350 quidam
1007 2309 1056 2335 ex
1085 2294 1227 2340 uobis,
1251 2293 1322 2349 qui
1345 2294 1384 2334 in
1409 2295 1553 2335 castris

179 2359 262 2400 suis
299 2357 422 2400 nimis
445 2359 742 2415 periclitantur
764 2391 773 2405 ,
809 2359 904 2414 quia
925 2359 962 2399 in
987 2367 1125 2400 castro
1156 2359 1293 2400 earnis
1324 2359 1447 2400 nimis
1478 2361 1552 2401 de-

177 2426 402 2473 lectantur,
429 2426 600 2481 quidam
618 2425 730 2467 eirca
754 2425 916 2466 divitias
932 2457 943 2473 ,
964 2426 1134 2483 quidam
1158 2424 1269 2467 eirca
1298 2425 1517 2468 libidinem
1539 2459 1548 2475 ,

225 2537 236 2559 ¹
257 2538 340 2569 Gen.
356 2546 400 2574 tx,
417 2547 471 2578 πο,
488 2542 517 2567 υἱ
537 2547 625 2579 seqq,
650 2555 682 2560 -·
702 2534 718 2558 ²
741 2537 820 2568 thid.
839 2538 892 2568 25v

226 2618 371 2663 (1)C0d.
392 2617 533 2650 dia'issee.
554 2614 661 2662 -(2J1
681 2618 728 2651 Id.
749 2618 818 2649 sibi.
841 2637 882 2642 -—
911 2617 958 2661 (Q
981 2621 1071 2650 nce«
1095 2619 1224 2650 xci-burn
1244 2620 1358 2650 detulit
1375 2620 1404 2650 in
1425 2621 1494 2651 cod.
