1885 3284
481 305 609 334 Lmen
648 307 702 335 m:
740 305 889 335 PUGNA
928 303 1158 333 vtTionuM.
1420 292 1500 355 157

135 367 340 423 sudatur,
367 370 464 434 quis
487 386 574 414 non
593 370 689 416 haec
714 371 862 416 divina
889 368 1019 414 verba
1035 385 1176 414 eremo
1195 371 1505 433 congrueressi)

138 444 311 496 videat,
351 440 512 505 quibus
551 440 715 487 dicitur
744 460 754 487 :
783 441 964 498 «Quam
1002 439 1191 502 pulchra
1228 440 1507 486 tabernacula

140 537 158 554 »
177 515 317 559 Jacob
337 522 378 557 et
405 512 588 556 tentoria
618 512 776 559 lsrael!
808 523 854 557 ut
876 510 1007 556 valles
1026 527 1261 556 nemorosae
1280 549 1289 563 ,
1318 523 1364 556 ut
1389 512 1507 556 horti

139 588 294 644 »Juxta
317 582 476 628 fluvios
502 582 655 642 irrigui
674 621 684 635 ,
725 594 772 628 ut
798 580 1079 628 tabernacula
1105 597 1206 644 quae
1236 583 1326 627 fixit
1356 583 1508 627 Domi-

137 677 158 697 ι)
176 673 287 710 nus,
331 654 453 718 quasi
491 653 608 698 cedri
645 672 780 717 prope
813 651 1001 718 aquas1!
1036 675 1044 693 ›
1095 653 1145 696 lit
1180 654 1286 714 quid
1322 653 1508 716 amplius

139 725 282 772 dicam
302 724 357 771 de
381 734 421 770 te
437 761 446 778 ‚
471 741 496 768 o
523 723 613 769 vita
640 726 858 770 eremitica
882 762 891 779 ‚
914 724 1001 768 vita
1026 724 1093 784 (2)
1117 734 1261 767 sancta
1285 761 1294 778 ‚
1320 723 1406 768 vita
1433 741 1510 768 an-

140 797 274 857 gelica
299 834 308 852 ‚
355 795 441 840 vita
478 794 707 840 benedicta
730 834 739 851 ,
779 796 992 840 vivarium
1035 794 1279 838 animarum
1309 831 1318 847 ‚
1361 795 1510 839 exedra

140 883 409 927 gemmarum
447 864 712 920 coelestium,
758 867 879 912 curia
917 863 1208 928 spiritualium
1242 875 1504 911 senatorum.

142 936 269 993 Odor
291 947 395 982 tuus
415 945 673 981 cunctorum
707 948 950 982 aromatum
989 935 1263 994 flagrantiam
1304 948 1510 999 superat3

141 1023 270 1069 sapor
306 1017 405 1051 tuus
438 1022 569 1068 super
597 1005 858 1052 distillantes
881 1007 1024 1053 favos,
1049 1022 1179 1067 super
1209 1006 1353 1050 omnia
1390 1006 1514 1050 mella

147 1087 299 1137 guttur
326 1075 558 1122 illuminati
583 1076 728 1121 cordis
746 1076 988 1129 obdulcat3
1016 1086 1144 1138 atque
1173 1074 1273 1120 ideo
1296 1076 1513 1139 quidquid

141 1158 203 1193 est
220 1147 343 1211 quod
368 1147 422 1192 de
441 1157 479 1191 te
496 1145 678 1202 dicitur,
704 1147 928 1207 dignitatis
948 1157 1033 1191 tuae
1062 1147 1225 1190 meritis
1252 1163 1338 1191 non
1364 1163 1513 1210 aequa-

144 1231 231 1274 tur,
253 1218 354 1281 quia
373 1218 521 1277 lingua
541 1219 682 1263 carnis
701 1218 949 1263 nullatenus
968 1218 1204 1280 exprimere
1225 1216 1383 1263 suffieit
1397 1219 1517 1281 quod

146 1290 325 1353 spiritus
345 1287 622 1333 invisibiliter
644 1289 799 1342 sentit3
836 1299 876 1333 et
899 1287 1019 1352 quod
1044 1298 1092 1332 tu
1119 1288 1233 1350 sapis
1255 1288 1298 1332 in
1322 1288 1517 1335 interiori

146 1370 275 1420 gustu
299 1370 428 1422 atque
446 1358 492 1403 in
515 1358 703 1404 medulla
725 1359 868 1405 cordis
885 1395 895 1415 ,
922 1375 1147 1421 nunquam
1181 1358 1309 1421 plene
1332 1360 1518 1422 explicat

144 1429 387 1493 corporalis
405 1446 618 1489 organum
633 1430 765 1476 vocis.
794 1429 862 1475 llli
905 1441 944 1475 te
969 1440 1199 1482 noverunt,
1230 1430 1304 1492 qui
1340 1441 1379 1475 te
1410 1431 1516 1477 dili-

144 1512 276 1561 gunt3
305 1499 370 1545 illi
391 1500 614 1562 praeconia
645 1511 732 1546 tuae
767 1500 908 1545 laudis
946 1510 1216 1559 agnoscunt,
1261 1501 1334 1562 qui
1377 1501 1421 1546 in
1452 1503 1516 1548 tui

146 1571 306 1615 amoris
341 1568 611 1632 amplexibus
635 1570 954 1616 delectabiliter
976 1571 1268 1632 requiescunt.
1302 1571 1516 1618 Caeterum

145 1640 222 1704 qui
242 1641 412 1700 ignorat
436 1656 500 1685 se.
540 1640 766 1703 quomodo
804 1640 1012 1704 praevalet
1045 1657 1166 1684 nosse
1192 1643 1262 1686 te?
1300 1642 1366 1686 Me
1390 1643 1518 1689 etiam

148 1710 435 1756 nihilominus
460 1721 546 1754 tuae
569 1710 711 1755 laudis
729 1711 940 1774 imparem
974 1711 1137 1764 fate0r3
1165 1711 1238 1756 sed
1265 1728 1402 1757 unum
1438 1732 1520 1777 pro

146 1791 268 1827 certo
286 1781 375 1826 scio
388 1818 399 1835 ‚
417 1797 442 1825 o
462 1781 550 1825 vita
564 1779 792 1826 benedicta
808 1819 819 1836 ‚
847 1781 967 1845 quod
992 1781 1046 1826 de
1074 1791 1114 1825 te
1131 1780 1436 1828 indubitanter
1454 1786 1520 1830 af-

150 1853 277 1898 firmo
294 1889 304 1908 ‚
325 1853 426 1915 quia
448 1851 644 1914 quisquis
669 1852 712 1897 in
733 1853 892 1898 amoris
919 1853 982 1898 tui
1010 1851 1226 1897 desiderio
1251 1870 1519 1915 perseverare

146 1922 365 1969 studuerit
380 1959 391 1977 ‚
410 1923 501 1985 ipse
518 1920 693 1985 quidem
713 1923 942 1968 habitator
959 1934 1021 1968 est
1041 1932 1141 1968 tuus
1158 1959 1168 1976 ,
1195 1923 1265 1967 sed
1288 1927 1323 1983 ej
1333 1941 1378 1969 us
1399 1926 1521 1973 inha-

151 1995 316 2040 bitator
329 2003 391 2038 est
409 1993 537 2038 Deus.
582 1992 788 2038 Diabolus
818 1993 880 2039 illi
905 1994 989 2039 suis
1008 1993 1324 2039 tentationibus
1349 1998 1479 2043 servit
1503 2036 1513 2054 ‚

152 2075 284 2128 atque
303 2063 408 2109 illuc
427 2079 524 2108 eum
552 2062 726 2108 tendere
744 2101 755 2118 ‚
784 2064 900 2109 unde
932 2065 1023 2126 ipse
1047 2063 1240 2121 dejectus
1258 2075 1319 2109 est
1334 2103 1345 2120 ,
1368 2069 1514 2125 gemit.

153 2135 304 2180 Victor
317 2134 465 2197 itaque
478 2133 750 2189 daemonum,
772 2135 914 2179 socius
931 2133 1118 2179 efficitur
1132 2133 1412 2192 Angelorum3
1428 2140 1523 2184 exul

154 2204 305 2251 mundi
324 2241 335 2260 ,
365 2205 505 2249 haeres
527 2214 589 2249 est
610 2204 799 2267 paradisi
819 2224 831 2258 ;
859 2205 1098 2264 abnegator
1124 2204 1189 2248 sui
1211 2240 1222 2258 ‚
1252 2215 1439 2252 sectator
1461 2221 1523 2255 est

151 2276 319 2323 Christi
340 2295 351 2329 ;
375 2285 417 2320 et
432 2275 535 2338 quia
556 2291 634 2337 per
655 2278 746 2334 ejus
768 2292 885 2320 nunc
911 2275 1084 2334 vestigia
1108 2273 1322 2334 graditur.
1348 2289 1523 2339 peracto

151 2362 283 2393 cursu
304 2347 394 2392 sine
417 2345 555 2391 dubio
589 2345 643 2391 ad
675 2346 890 2391 societatis
916 2350 1006 2406 ejus
1034 2346 1213 2406 gloriam
1236 2348 1516 2409 provehetur.

154 2419 300 2482 Atque
323 2427 372 2463 ut
393 2416 539 2480 ipsum
559 2416 742 2462 fidenter
777 2417 922 2463 dicam
941 2454 952 2474 ,
993 2419 1068 2481 qui
1103 2417 1363 2477 singularem
1386 2422 1521 2468 vitam

201 2543 211 2566 ¹
230 2544 329 2576 Num.
347 2553 436 2583 xxiv,
449 2543 481 2580 5,
502 2542 534 2572 6.

206 2621 257 2668 (ι)
271 2622 350 2655 Cod.
366 2623 448 2654 male
462 2633 608 2664 arguere.
626 2639 672 2645 —
684 2624 733 2664 (2‘¹
750 2625 846 2655 Deest
860 2623 932 2654 vica
949 2623 984 2654 in
997 2623 1068 2655 cod.
