1885 3284
394 288 536 320 salmo
572 287 661 327 LVI,
700 289 756 318 DE
793 288 1065 319 ASCENSlONE
1103 288 1266 318 DOMINI
1304 289 1362 320 Vl.
1472 276 1557 322 301

200 355 508 399 calamitatibus
531 363 865 397 commoventur.
893 355 944 397 Et
962 359 1005 395 ut
1025 354 1130 395 scias
1147 354 1260 410 quod
1282 356 1432 397 nostris
1449 358 1566 400 malis

201 422 452 469 doluerunt,
473 435 524 462 ex
539 435 588 462 co
612 421 725 462 disce
746 421 860 477 quod
883 419 1216 462 reconciliationi
1235 419 1382 462 divinae
1407 421 1569 479 (1)gra-

200 488 340 529 tulatae
358 493 468 528 sunt.
491 485 542 527 Et
562 518 573 534 ,
598 484 632 527 si
657 493 778 527 antea
806 500 888 527 non
912 485 1138 533 dolebant,
1164 498 1242 525 nec
1261 492 1400 541 postea
1425 495 1568 542 gratu-

198 553 354 595 lantur.
381 551 434 593 Et
455 551 569 607 quod
585 551 804 608 gratulatae
833 550 914 593 sint
933 583 943 598 ,
969 550 1159 592 Salvator
1180 550 1361 591 ostendit
1385 550 1528 593 dicens
1557 568 1567 594 z

211 635 227 657 a
249 617 358 669 Quia
379 615 581 673 gaudium
602 615 683 658 erit
714 615 885 673 Angelis
914 617 956 657 in
993 615 1107 657 coelis
1130 630 1206 671 pro
1239 630 1324 656 uno
1349 625 1571 673 peccatore

201 681 522 740 »poenitentiam
550 680 740 738 agente¹.
769 699 785 721 »
809 681 861 723 Et
883 680 917 723 si
946 680 1067 722 unius
1086 680 1321 738 peccatoris
1344 695 1576 739 compunc-

202 747 304 790 tioni
322 747 379 802 (2)
402 746 550 803 Angeli
571 748 851 803 gratulantur,
883 748 1016 788 multo
1052 745 1183 801 magis
1212 759 1310 786 cum
1339 746 1390 787 ad
1414 749 1569 791 coelum

202 811 406 855 hodierna
434 812 501 853 die
523 810 745 853 hominum
767 811 963 854 viderunt
984 811 1138 853 elevari
1162 819 1367 853 naturam.
1409 812 1460 854 Et
1502 814 1579 856 alia

203 877 366 919 ratione
387 876 585 919 condisce
611 877 810 933 gaudium
834 877 1068 919 coelestium
1090 876 1363 918 Potestatum.
1394 877 1575 928 Quando

201 942 408 987 Dominus
426 951 569 985 noster
583 942 706 985 Jesus
723 944 912 985 Christus
925 944 1158 985 secundum
1178 956 1347 984 carnem
1359 952 1479 985 natus
1496 954 1574 994 est,

204 1016 245 1050 et
257 1007 472 1050 hominem
494 1008 812 1050 reconciliatum
828 1009 1038 1056 viderunt,
1056 1022 1134 1049 nec
1150 1007 1399 1050 animaliter
1412 1010 1580 1051 descen-

206 1075 378 1122 derent,
405 1088 503 1116 cum
529 1089 692 1115 summa
726 1073 1006 1130 gratulatione
1041 1073 1282 1116 clamabant
1306 1088 1350 1114 t«
1373 1073 1513 1115 Gloria
1539 1076 1580 1117 in

206 1158 222 1179 ι»
234 1140 409 1182 excelsis
426 1140 531 1188 Deo,
547 1148 589 1182 et
607 1140 647 1181 in
668 1150 774 1181 terra
796 1155 876 1197 pax
888 1139 1128 1181 hominibus
1144 1140 1263 1180 bonae
1276 1140 1503 1182 voluntatis
1518 1140 1572 1189 ²,o

206 1204 477 1254 hominibus,
512 1205 584 1262 qui
607 1205 802 1247 debellati
838 1214 956 1252 sunt,
1001 1205 1070 1261 qui
1104 1204 1262 1246 inimici
1295 1204 1485 1252 fuerunt.
1511 1207 1582 1262 qui

208 1269 330 1312 alieni
354 1279 501 1320 erant,
528 1271 598 1326 qui
625 1278 901 1312 contumaces
924 1270 1098 1326 judicati
1123 1269 1368 1312 sunt.Vides
1389 1273 1588 1327 quemad-

205 1336 382 1378 modum
411 1336 452 1377 in
480 1336 626 1378 alienis
663 1336 943 1393 gratulentur,
984 1335 1068 1376 imo
1108 1335 1148 1376 in
1184 1335 1291 1383 suis3
1326 1351 1421 1377 nam
1444 1346 1586 1379 nostra

208 1401 319 1443 bona
342 1416 437 1443 suas
458 1402 662 1443 utilitates
686 1400 947 1442 arbitrantur
970 1399 1126 1448 dicere,
1142 1408 1296 1441 etcum
1316 1403 1584 1449 ascenderet,

201 1467 546 1525 gratulabantur,
580 1476 623 1509 et
644 1467 686 1508 in
709 1481 794 1507 uno
817 1465 970 1522 gaudio
993 1465 1238 1506 exultabant
1257 1498 1267 1512 ,
1292 1474 1333 1507 et
1356 1467 1588 1509 descende-

209 1532 314 1574 bant
334 1530 590 1589 frequenter.
619 1531 671 1573 Et
693 1530 778 1573 boc
811 1530 1028 1587 proprium
1051 1537 1113 1571 est
1148 1530 1410 1586 cupientium
1448 1532 1590 1573 videre

200 1596 477 1655 ‘inopinatum
509 1596 819 1655 spectaculum.
852 1594 905 1636 Et
933 1603 980 1636 ut
1006 1594 1112 1636 scias
1134 1593 1247 1650 qnod
1278 1596 1588 1644 ascendebant,

213 1660 368 1704 Christi
395 1670 436 1705 te
456 1663 582 1704 verba
603 1659 783 1704 confirm
797 1668 889 1706 ant,
924 1659 996 1715 qui
1022 1658 1124 1700 dicit
1149 1673 1159 1700 ε
1193 1675 1207 1696 α
1231 1659 1366 1701 Modo
1400 1660 1592 1702 videbitis

213 1726 425 1784 »Angelos
445 1727 522 1769 Dei
549 1727 827 1768 ascendentes
850 1732 892 1765 et
915 1725 1217 1766 descendentes
1253 1723 1304 1765 ad
1331 1724 1483 1767 Filium
1514 1725 1592 1767 ho-

214 1791 408 1834 »minis³.
429 1792 511 1835 »Et
533 1793 610 1834 iste
633 1805 801 1848 semper
829 1790 1060 1831 amantium
1086 1804 1177 1831 mos
1209 1798 1296 1838 est,
1331 1791 1592 1846 cupientium

215 1855 380 1898 solitam
406 1858 789 1903 consuetudinem;
815 1870 893 1897 nec
909 1863 1074 1911 tempus
1090 1863 1312 1910 expectare
1335 1856 1590 1904 didicerunt,

216 1921 290 1963 sed
317 1921 467 1964 festino
509 1922 663 1963 amoris
701 1921 852 1962 ardore
890 1919 1016 1962 etiam
1060 1919 1304 1961 dilationem
1334 1922 1596 1977 praeveniunt

217 1986 505 2030 constitutam.
548 1987 650 2030 Ideo
681 1987 942 2035 ascendunt,
971 1985 1065 2026 idco
1092 1985 1382 2035 descendunt,
1420 1995 1463 2028 ct
1498 2002 1595 2029 cum

204 2052 334 2109 >omni
351 2051 618 2095 festinatione
637 2066 796 2094 novum
815 2060 857 2093 et
875 2051 1124 2093 incredibile
1145 2053 1434 2107 spectaculum
1458 2053 1597 2095 videre

221 2117 473 2161 desiderant.
502 2118 606 2161 Nam
631 2118 733 2174 quid
762 2116 844 2159 hoc
868 2116 1104 2158 mirabilius
1126 2125 1215 2165 est,
1242 2118 1410 2173 quando
1434 2118 1562 2160 homo
1580 2152 1592 2169 ,

221 2182 294 2238 qui
316 2191 585 2239 contemptus
608 2192 691 2231 est,
724 2183 891 2225 videtur
918 2182 957 2222 in
983 2183 1090 2223 coelo
1109 2181 1126 2222 ,⁰
1143 2181 1242 2223 Ideo
1258 2191 1299 2223 et
1321 2184 1489 2238 quando
1507 2199 1595 2226 nas-

222 2246 398 2289 cebatur
414 2248 636 2295 Dominus,
655 2256 697 2289 et
713 2249 881 2304 quando
894 2247 1154 2303 resurgebat,
1175 2248 1418 2290 exultabant
1432 2248 1596 2306 Angeli,

224 2319 267 2352 et
288 2311 412 2354 hodie
435 2314 602 2369 quando
623 2313 809 2354 ascendit
830 2312 870 2353 in
893 2314 1062 2354 coelum.
1083 2330 1099 2350 «ι
1124 2312 1235 2353 Ecce
1258 2312 1369 2354 enim
1393 2314 1475 2354 duo
1494 2347 1502 2361 ,
1523 2315 1595 2364 ait,

227 2375 299 2418 »in
327 2378 419 2419 alba
441 2378 599 2426 veste⁶,
617 2396 632 2416 a
664 2387 708 2419 ut
732 2393 783 2420 cx
806 2378 903 2435 ipsis
926 2377 1184 2420 vestimentis
1207 2378 1428 2435 gratulatio
1452 2395 1596 2422 mons-

228 2448 428 2492 traretur,
453 2443 648 2485 dixerunt
671 2442 723 2484 ad
749 2443 989 2500 Discipulos
1017 2457 1056 2484 :n
1079 2444 1160 2485 Iste
1181 2442 1303 2486 Jesus
1320 2444 1390 2501 qui
1412 2446 1599 2488 ascendit

278 2547 289 2569 ¹
308 2548 384 2578 Luc.
400 2556 457 2586 vn,
474 2555 527 2579 20.
542 2543 681 2578 ——21d.
700 2556 738 2590 ιι,
765 2552 873 2584 ι4.-
888 2544 902 2570 3
917 2549 1015 2579 Joan.
1034 2559 1063 2590 1,
1089 2547 1144 2581 51.
1164 2544 1234 2571 —4
1253 2548 1324 2579 Act.
1345 2559 1374 2592 ι,
1393 2559 1446 2581 10.

280 2627 330 2673 (ι)
346 2627 425 2661 Cod.
443 2627 709 2659 reconciliacione
728 2628 847 2660 diviua.
865 2647 909 2653 —-
923 2627 972 2672 (2)
990 2628 1039 2662 Id.
1055 2628 1311 2669 compunctione.
