1885 3284
103 324 245 355 SERMO
282 323 404 361 LXXI,
445 324 489 353 m
526 322 685 353 NATALt
723 322 934 353 SANCTOR.
982 322 1045 351 ΑΡ.
1097 322 1239 361 PETRI,
1279 322 1375 352 ETC.
1423 307 1482 368 39

167 389 228 434 ll.
252 388 448 434 Natalem
470 388 605 447 igitur
617 388 885 434 celebramus
904 398 1153 433 sanctorum
1172 387 1477 450 Apostolorum

101 462 231 525 primi
254 472 295 506 et
315 460 548 507 novissimi.
577 460 676 506 Scio
701 460 877 523 quidem
900 478 973 506 vos
997 461 1103 506 scire
1123 460 1243 524 quod
1264 460 1379 514 dixi;
1406 460 1477 506 sed

101 531 317 595 numquid
342 531 444 594 quia
470 548 544 576 vos
564 531 702 588 scitis,
720 548 795 577 nos
819 531 941 576 silere
963 531 1198 576 debemus?
1228 542 1276 576 ut
1304 531 1482 577 redden-

103 602 218 648 tibus
244 601 367 648 vobis
387 601 507 664 quod
534 612 720 646 vestrum
748 611 807 646 est
831 638 841 656 ‚
866 617 944 645 nos
968 617 1268 646 remaneamus
1301 600 1478 647 innoxii.

102 671 188 719 Vos
211 671 322 716 enim
343 670 593 716 reddidistis
616 670 846 716 solemnem
866 671 1180 734 processionem
1202 708 1211 727 ,
1236 683 1277 716 et
1300 688 1376 716 nos
1402 670 1478 715 de-

102 742 255 788 bemus
275 741 414 787 facere
431 740 796 804 qualemcumque
810 758 1065 788 sermonem.
1089 753 1135 787 ut
1155 759 1301 787 omnes
1319 742 1482 805 pariter

100 811 368 857 celebremus
390 822 582 856 sanctam
607 811 880 857 devotionem
907 812 987 873 χι).
1021 815 1171 856 Petrus
1195 812 1342 874 itaque
1382 813 1478 874 pri-

102 898 196 927 mus
212 892 274 926 est
293 880 626 945 Apostolorum,
649 892 688 926 et
704 881 865 926 Paulus
884 881 1139 927 novissimus
1154 881 1478 944 Apostolorum.

102 951 216 997 Deus
239 962 382 997 autem
415 952 492 1014 qui
517 968 587 996 eos
608 951 654 996 in
684 952 750 1012 <2ζΙ
789 968 864 996 sua
895 951 1121 996 vocatione
1159 952 1475 1001 sanctificavit,

99 1022 191 1084 ipse
212 1021 310 1066 illos
329 1022 373 1066 iu
401 1021 599 1084 passione
619 1021 933 1083 coronavitqui
958 1031 1018 1065 est
1038 1021 1208 1084 primus
1227 1031 1269 1065 et
1293 1021 1479 1066 novissi-

101 1089 254 1144 mus13
288 1091 456 1153 primus
476 1127 487 1147 ,
516 1089 719 1136 videlicet
745 1101 844 1135 ante
871 1106 1000 1153 quem
1018 1090 1156 1145 nihil,
1186 1090 1444 1135 novissimus
1467 1127 1476 1141 ,

101 1171 198 1225 post
219 1178 345 1224 quem
368 1161 479 1206 nihil
502 1161 593 1224 (3,;
612 1178 691 1206 nec
711 1161 921 1220 originem
937 1164 1027 1220 ejus
1047 1161 1204 1224 aliquis
1225 1160 1442 1207 antecedit
1462 1197 1472 1214 ,

99 1249 178 1276 nce
200 1231 325 1276 finem
347 1231 676 1291 excedit.Origo
694 1235 784 1291 eJ'us
804 1248 889 1276 non
914 1231 1048 1277 habet
1072 1233 1262 1289 initium,
1280 1232 1377 1277 finis
1394 1248 1479 1276 non

100 1301 235 1346 habet
257 1301 402 1347 finem.
430 1303 497 1346 lta
526 1318 627 1360 ergo
659 1301 730 1346 ille
749 1302 824 1364 qui
853 1318 894 1346 se
918 1302 1112 1364 primum
1135 1312 1176 1347 et
1198 1302 1476 1347 novissimum

99 1373 339 1417 aeternitate
368 1383 579 1436 perpetua
605 1372 950 1427 commendavit,
979 1373 1070 1435 ipsc
1110 1372 1340 1435 Apostolos
1383 1388 1480 1417 suos

101 1443 291 1506 primum
323 1454 364 1487 et
381 1444 667 1488 novissimum
689 1444 916 1506 acqualiter
938 1444 1183 1490 coronavit.
1208 1444 1306 1488 Vita
1328 1460 1477 1488 eorum

98 1513 313 1576 praedicat
338 1513 627 1567 charitatem3
664 1530 777 1558 mors
803 1529 953 1558 eorum
978 1524 1204 1558 consecrat
1227 1513 1480 1558 solemnita—

98 1593 202 1628 tem.
220 1583 314 1628 Una
335 1582 522 1629 diesillis
544 1584 738 1628 occurrit
757 1583 1019 1628 coronandis
1033 1620 1044 1639 ,
1065 1584 1216 1629 civitas
1235 1600 1320 1628 una
1339 1593 1478 1627 tamen

98 1653 342 1700 laudandis.
379 1655 475 1699 Non
498 1665 597 1699 sunt
624 1655 667 1699 in
707 1655 827 1699 terris
851 1671 1037 1717 corpora
1062 1671 1210 1700 eorum
1245 1663 1440 1716 separata
1464 1691 1473 1704 ,

98 1739 287 1787 quorum
315 1724 466 1769 merita
489 1734 590 1768 sunt
610 1723 654 1768 in
670 1723 792 1769 coelis
809 1734 1048 1786 coaequata.
1064 1724 1266 1770 Viventes
1284 1723 1329 1768 in
1346 1739 1477 1767 carne

98 1792 408 1855 plantaverunt
452 1792 692 1838 Ecclesiam
727 1810 924 1838 sermone
972 1810 1050 1838 suo
1069 1830 1078 1848 ,
1123 1793 1352 1838 morientes
1395 1809 1477 1854 pro

100 1862 279 1908 Christo
299 1863 548 1923 rigaverunt
582 1863 790 1922 sanguine
823 1879 899 1908 suo
920 1900 930 1920 ,
967 1862 1178 1922 adjuvant
1209 1879 1286 1907 nos
1308 1872 1477 1906 orantes

98 1950 180 1995 pro
221 1933 374 1978 merito
403 1950 494 1979 suo.
525 1934 643 1977 'Bene
667 1932 747 1977 sibi
776 1943 1064 1978 occurrerunt
1087 1932 1141 1977 ad
1174 1949 1307 1977 unum
1328 1931 1442 1976 diem
1466 1951 1475 1982 ;

99 2003 328 2066 atquibus
361 2002 446 2048 fuit
479 2003 723 2050 communis
757 2003 1013 2066 praedicatio
1045 2003 1232 2049 civitatis
1261 2003 1326 2064 (4]
1353 2039 1363 2055 ,
1393 2019 1476 2047 una

97 2084 203 2119 esset
225 2090 314 2119 sors
335 2073 575 2120 individuae
610 2074 848 2120 charitatis.
882 2073 993 2119 Sane
1028 2074 1094 2136 (5)
1131 2073 1243 2119 sicut
1266 2073 1471 2118 traditum

98 2154 160 2189 est
183 2143 409 2190 habemus.
433 2145 606 2190 Primus
622 2146 774 2190 beatus
791 2146 948 2190 Petrus
960 2161 1110 2207 passus
1136 2154 1197 2190 est
1215 2164 1226 2197 ;
1246 2143 1476 2206 oportebat

98 2218 212 2262 enim
238 2217 480 2263 vocationis
520 2217 716 2264 ordinem
752 2228 793 2263 et
833 2217 877 2262 in
916 2228 1054 2262 morte
1086 2217 1272 2270 servari,
1316 2216 1474 2261 deinde

146 2351 156 2372 ¹
173 2352 275 2393 Apoc.
301 2362 368 2391 xxi,
395 2354 445 2381 13.

147 2436 199 2485 (ι)
219 2438 269 2470 Sic
285 2439 380 2474 codd.
409 2451 461 2470 etv
489 2447 517 2471 et
541 2452 658 2480 cxmn3
679 2442 749 2474 cod.
771 2454 795 2474 11
817 2454 881 2474 nou
908 2442 1004 2474 habet
1030 2451 1177 2473 sanctam
1199 2442 1410 2473 devotionem.
1429 2461 1470 2466 —-

100 2492 154 2541 (2)
176 2494 228 2525 Sic
249 2494 342 2526 codd.
372 2506 395 2526 ιι
417 2501 445 2526 et
474 2507 595 2534 exlium
621 2497 691 2528 cod.
720 2508 774 2529 cxx
794 2508 859 2529 nnn
878 2497 976 2529 habet
1002 2498 1044 2528 ιἠ.
1068 2515 1113 2522 —
1133 2499 1180 2537 (3)
1198 2497 1282 2528 Vide
1300 2497 1470 2537 Augustin.

99 2553 198 2581 Serm.
215 2560 468 2583 ccxcvnimum.
496 2563 521 2586 ι,
540 2557 567 2581 et
589 2563 712 2590 ccxcix,
733 2563 822 2585 num.
849 2565 932 2586 9..-
946 2552 996 2596 (4)
1015 2553 1066 2584 Sic
1080 2553 1172 2584 codd.
1189 2555 1283 2584 Forte
1300 2552 1469 2593 legendnm

99 2605 259 2638 veritatis.
275 2624 316 2629 --
335 2602 387 2650 (5)
409 2608 482 2637 Haee
501 2613 529 2637 et
547 2607 710 2648 sequentia
725 2609 874 2648 leguntur
889 2609 919 2640 in
939 2609 1088 2646 codam,
1109 2608 1160 2639 sed
1177 2608 1287 2639 desunt
1307 2607 1471 2639 incaeteris

97 2660 208 2696 codd„
225 2671 325 2703 usque
339 2660 377 2693 ad
391 2660 457 2692 haec
472 2672 515 2691 ve:
528 2661 565 2693 ba
579 2661 744 2704 elegerunt
760 2663 864 2694 ambo.
