1885 3284
119 295 263 327 SERMO
288 294 439 336 Lxxxl,
474 292 522 322 IN
543 290 703 322 NATALI
732 293 766 322 S.
801 288 1046 320 MARTYRUM
1072 291 1257 330 FELICIS,
1284 291 1377 321 ETC.
1426 276 1485 339 73

116 361 297 414 testatis;
318 359 394 404 hic
415 375 512 403 vere
529 357 544 419 (
559 374 566 402 ι
583 356 597 419 )
614 356 828 402 sublimis.
858 356 953 400 Non
978 372 1075 400 eum
1092 354 1255 400 blattea
1275 355 1343 419 (2)
1362 356 1489 418 plura

116 431 404 495 conspicuum
430 468 438 481 ‚
485 439 559 474 aut
585 427 764 473 familiae
787 426 1006 472 distinctae
1033 443 1208 488 greges,
1235 443 1489 491 pompaque

116 503 303 567 superba
323 502 498 547 beatum
517 537 526 555 ‚
552 499 624 545 sed
648 516 777 545 cruor
794 498 1031 562 pretiosum
1049 514 1412 561 purpureumque
1431 498 1490 544 fe·

115 584 263 628 cerat,
299 583 340 618 et
376 570 563 616 coelestis
596 568 810 615 reddebat
844 567 980 628 gratia
1011 567 1313 614 candidatum.
1358 568 1488 614 Vario

113 643 245 704 igitur
267 651 415 688 sancta
439 641 583 686 anima
603 639 868 703 pingebatur
894 648 1067 684 ornatu.
1101 638 1312 697 Fulgebat
1332 638 1489 684 Chris-

112 723 182 759 tus
202 715 246 759 in
273 711 430 775 capite.
458 713 624 757 Roseus
648 726 781 755 cruor
811 726 899 755 non
916 708 1128 754 horrebat
1151 744 1162 763 ‚
1193 708 1266 753 sed
1294 708 1488 755 micabat

110 783 155 828 in
174 799 388 846 corpore3
433 781 621 844 pulchra
659 779 870 826 reddebat
906 778 1104 824 membra
1131 779 1334 841 martyris
1354 817 1363 834 ,
1395 797 1483 825 non

111 853 273 912 ungula
302 852 546 908 carnificis,
579 851 653 897 sed
676 851 808 896 decor
831 849 1107 896 rubicundus
1134 886 1143 904 ‚
1186 850 1288 911 quia
1319 851 1485 896 saevitia

108 923 404 987 persequentis
430 923 611 983 gloriam
628 939 717 967 non
738 921 883 985 potuit
903 920 1122 966 maculare
1146 920 1313 967 Felicis.

172 994 232 1040 ΙΙ.
276 993 446 1039 Cedant
477 992 541 1055 (Β)
570 1009 688 1037 nunc
713 992 898 1051 insignes
925 1007 1155 1054 procerum
1198 990 1362 1046 trabae,
1411 1008 1482 1037 ce-

106 1063 215 1109 dant
235 1064 435 1127 lapidum
457 1063 598 1126 pretia
617 1100 626 1118 ‚
661 1062 789 1108 cedat
811 1062 879 1124 (A)
911 1062 1038 1106 turba
1065 1078 1350 1121 gemmarum.
1377 1061 1482 1107 Plus

105 1145 257 1197 pensat
277 1151 407 1180 cruor
429 1133 622 1179 mundus
650 1133 718 1195 (5)
747 1149 878 1196 quam
905 1143 1022 1178 totus
1044 1132 1249 1179 mundus,
1281 1132 1483 1196 Amplius

105 1203 220 1250 valet
243 1204 358 1250 stilla
386 1202 474 1250 fusi
494 1203 717 1263 sanguinis
742 1220 824 1266 pro
849 1203 1027 1248 nomine
1057 1202 1310 1258 salvatoris,
1351 1220 1481 1266 quam

105 1283 195 1319 tota
217 1274 369 1320 saeculi
384 1273 659 1334 magnitudo,
679 1290 780 1319 cum
801 1273 942 1332 regnis
961 1285 1003 1318 et
1028 1273 1359 1337 apparitoribus
1377 1275 1478 1319 suis.

107 1345 321 1408 Appende
338 1362 456 1391 nunc
476 1347 520 1390 in
546 1355 702 1390 statera
718 1344 901 1404 justitiae
920 1344 1092 1404 fragiles
1117 1362 1220 1407 opes
1243 1354 1285 1390 et
1307 1348 1482 1408 Marty-

103 1432 200 1460 rum
221 1416 331 1460 vires
349 1434 360 1468 3
385 1414 601 1461 evolantes
626 1416 770 1460 fumos
789 1415 1001 1478 potentiae
1016 1414 1254 1470 saecularis,
1270 1425 1311 1460 et
1328 1431 1480 1477 peren-

104 1502 200 1531 nem
225 1485 409 1545 gloriam
430 1484 700 1532 confessoris.
746 1487 892 1549 Ipsam
931 1485 1149 1531 dealbatae
1181 1485 1482 1548 prosperitatis

102 1555 280 1611 faciem,
309 1566 470 1601 nostrae
500 1572 643 1600 causae
676 1555 964 1618 producimus
1004 1566 1182 1608 testem3
1227 1571 1329 1617 quae
1367 1554 1482 1600 nihil

103 1625 224 1672 aliud
245 1627 413 1690 appetit
429 1625 678 1671 simulando
701 1627 925 1671 veritatem
942 1662 951 1680 ‚
980 1642 1109 1687 quam
1133 1642 1175 1670 se
1196 1625 1250 1670 ab
1272 1624 1480 1670 omnibus

105 1697 341 1760 praedicari
367 1696 555 1744 felicem.
581 1697 810 1742 Intuemur
837 1696 993 1752 oculis,
1021 1696 1133 1741 inter
1161 1695 1328 1741 theatra
1347 1694 1479 1757 plau-

103 1768 270 1823 dentia,
302 1767 397 1813 dira
416 1766 673 1821 certamina,
693 1784 792 1830 quae
810 1767 1004 1812 subrecti
1029 1777 1239 1829 martyres
1258 1765 1399 1811 turbis
1414 1764 1477 1810 la-

102 1838 377 1884 cescentibus
416 1837 684 1882 exhibebant
735 1837 834 1882 Non
861 1837 925 1882 ibi
955 1836 1148 1882 ferarum
1185 1836 1337 1881 classes
1355 1872 1366 1890 ,
1402 1835 1476 1881 sed

100 1909 196 1971 pios
218 1907 572 1953 Christianorum
592 1924 736 1967 greges
760 1907 829 1970 (6)
850 1906 1164 1969 producebant
1183 1905 1237 1952 ad
1262 1922 1474 1969 pugnam.

101 1979 370 2024 Laniabatur
395 1978 486 2024 sine
509 1978 691 2023 crimine
720 1994 882 2041 corpus
900 2014 911 2032 ‚
952 1988 995 2022 et
1030 1977 1227 2040 populus
1254 1976 1475 2022 acclama—

100 2049 179 2094 bat
196 2048 712 2095 insanuS.Tendebautur
729 2048 926 2111 equuleis
950 2048 1146 2093 membra
1165 2047 1419 2111 pendentia,
1435 2057 1476 2092 ct

101 2119 272 2166 cruenti
296 2119 513 2164 carnificis
543 2136 696 2164 manus
712 2118 923 2164 fodebant
940 2129 1259 2181 prostratorum
1290 2118 1359 2182 (7)
1390 2134 1476 2163 un-

99 2190 211 2251 gulis
225 2190 642 2253 latera.Torquebat
658 2190 879 2237 hominem
893 2206 1046 2254 poena,
1062 2201 1103 2235 et
1113 2207 1201 2235 non
1220 2200 1309 2236 erat
1328 2189 1474 2252 culpa.

102 2261 243 2318 Quem
273 2261 335 2306 ita
355 2260 595 2306 reddiderit
613 2271 769 2307 natura
788 2261 975 2307 ferocem
995 2298 1005 2316 ‚
1034 2271 1082 2306 ut
1111 2260 1298 2307 cruciari
1322 2261 1475 2324 cupiat

100 2333 376 2378 innocentem
391 2334 410 2377 Ξ)

147 2415 196 2456 (ι)
221 2415 300 2448 Cod.
330 2415 448 2457 absque
478 2426 568 2446 sensu
597 2415 730 2449 increce.
755 2433 799 2439 —
828 2417 876 2456 (2)
902 2417 1033 2447 Blattea
1062 2426 1122 2446 vox
1142 2415 1281 2446 derivata
1302 2426 1337 2446 ex
1354 2415 1477 2453 blatta,

101 2469 274 2502 vermiculo
305 2482 369 2513 quo
390 2482 532 2514 purpura
552 2471 745 2514 tingebatur,
758 2479 866 2515 postea
879 2483 954 2503 vero
976 2483 1033 2515 pro
1053 2474 1119 2514 ipsa
1143 2482 1306 2514 purpura,
1326 2472 1376 2502 vel
1397 2483 1476 2513 pur·

101 2537 200 2569 pureo
227 2527 334 2557 colore
351 2533 512 2569 usurpata.
543 2528 722 2558 Venantins
738 2530 929 2559 Fortunatus
947 2556 951 2567 ‚
975 2534 996 2558 t.
1033 2540 1044 2558 1
1064 2552 1072 2565 ‚
1091 2528 1111 2561 f.
1135 2530 1176 2568 39
1193 2551 1200 2564 ,
1220 2527 1251 2558 in
1272 2528 1356 2559 notis
1369 2528 1477 2559 studio

101 2585 135 2613 P.
155 2581 255 2613 Luchi
281 2582 386 2613 edilis.
403 2601 447 2606 -—
480 2581 515 2628 3)
535 2584 616 2614 Cod.
646 2584 726 2615 male
744 2585 898 2614 solebant.
917 2602 961 2607 —
986 2584 1034 2623 (4)
1065 2584 1111 2616 ld.
1132 2584 1264 2617 cedant.
1287 2602 1329 2607 -—
1355 2584 1403 2626 (5)
1423 2583 1473 2617 Id.

101 2639 271 2674 mnndum,
290 2643 322 2669 et
341 2644 430 2669 auten
449 2649 575 2679 penset.
594 2656 637 2662 -—-
659 2640 707 2682 (6)
731 2640 775 2670 ld.
793 2641 899 2680 J11‘1's,‚,
917 2641 1076 2681 gregibus.
1093 2657 1136 2663 --
1159 2637 1209 2684 (7)
1225 2639 1474 2680 Id.fiu1debut1e

97 2702 274 2735 proslraellos
281 2718 287 2725 ,
