1868 3301
341 231 432 293 392
609 249 643 277 s.
686 246 930 280 Aeets'ruw
968 249 1170 281 muscom
1205 249 1442 284 APPEme.

331 314 546 369 quaerebat
569 316 832 372 corporalem
862 318 1158 374 praesentiam3
1193 319 1252 361 sic
1275 329 1317 363 et
1338 319 1522 363 Thomas
1543 334 1706 377 quaere·-

330 378 403 420 bat
435 381 581 422 sensus
617 382 934 438 experientiam.
974 383 1262 440 Dispensative
1299 394 1437 428 tamen
1475 401 1551 443 pro
1587 386 1707 428 nobis

328 444 490 488 sactum
512 455 590 495 est,
618 447 712 504 quia
730 464 804 506 per
825 449 906 491 hoc
928 449 1026 491 fidei
1046 451 1197 492 veritas
1217 453 1422 501 creditur,
1440 468 1566 494 sensu
1587 467 1710 510 expe-

328 511 436 552 ritur
451 512 561 568 (sic),
581 513 743 555 ratione
765 515 1054 563 concluditur,
1072 524 1113 557 et
1129 517 1267 558 nullus
1283 518 1505 559 dubietatis
1519 519 1711 560 locusre-

326 576 545 632 linquitur.
571 578 803 622 Credamus
825 595 925 636 ergo
941 612 950 627 ,
968 596 1019 622 ne
1038 581 1158 623 nohis
1181 582 1347 624 dicatur
1374 597 1382 623 :
1403 601 1417 620 α
1432 583 1516 625 Nisi
1541 583 1654 640 signa
1669 591 1711 625 et

329 643 550 700 »prodigia
573 644 774 694 videritis,
799 661 882 687 non
905 646 1114 689 creditis.»
1129 648 1378 698 Credamus,
1399 657 1445 689 ut
1463 650 1705 690 audiamus:

341 726 356 746 α
378 708 496 751 Beati
530 710 600 766 qui
638 727 721 754 non
753 712 950 754 viderunt
980 722 1022 755 et
1058 714 1381 756 crediderunt¹.
1407 734 1421 751 η
1452 714 1502 755 Et
1525 715 1704 769 quidest

330 775 504 816 credere
521 808 532 823 ‚
564 776 643 818 nisi
671 777 754 819 side
791 777 1010 820 informata
1041 780 1216 821 tendere
1239 780 1279 820 in
1301 779 1435 821 Deum
1453 812 1462 827 ‚
1491 780 1584 836 quia
1609 795 1703 822 vere

329 848 474 882 natum
492 873 501 888 ‚
530 842 626 898 quia
657 843 997 901 redemptorem,
1024 845 1119 901 quia
1142 844 1422 901 flagellatum,
1453 845 1547 901 quia
1581 845 1708 902 puni-

330 915 464 948 torem
503 909 573 965 qui
613 910 752 952 veniet
782 912 840 967 (1)
881 911 1069 965 judicare
1102 912 1214 954 vivos
1244 920 1286 954 et
1314 911 1539 954 mortuos?
1562 912 1622 953 Ex
1644 912 1707 954 his

329 971 441 1013 enim
469 973 607 1015 anima
631 975 885 1018 informatur
907 977 1128 1020 affectione
1147 1012 1156 1026 ‚
1181 987 1228 1020 ut
1258 993 1333 1020 suo
1358 977 1545 1019 Creatori
1571 977 1712 1019 adhae-

330 1047 445 1087 reat,
479 1046 519 1080 et
544 1055 620 1081 suo
647 1040 921 1099 Redemptori
947 1058 998 1085 ex
1025 1059 1167 1086 amore
1191 1045 1436 1091 condoleat3
1459 1060 1508 1085 ex
1542 1059 1616 1085 suo
1640 1045 1712 1086 do-

332 1104 421 1145 lore
446 1105 685 1148 collaetetur
707 1107 781 1163 (2),
798 1123 848 1149 ex
863 1123 934 1165 spe
954 1109 1451 1167 congaudeatSalvatori.
1480 1109 1713 1152 Credamus

332 1184 432 1226 ergo
461 1185 514 1212 ne
537 1171 901 1227 reprehendamur
934 1191 954 1216 a
984 1174 1166 1216 Domino
1200 1174 1364 1216 dicente
1392 1190 1401 1216 :
1433 1192 1447 1212 α
1473 1174 1509 1216 O
1532 1175 1647 1216 stulti
1672 1184 1714 1217 et

334 1236 471 1277 »tardi
491 1239 619 1279 corde
640 1240 692 1281 ad
715 1241 1005 1282 eredendum²
1030 1242 1039 1281 Σ
1063 1260 1078 1280 »
1109 1240 1200 1284 Non
1223 1240 1335 1282 enim
1359 1240 1485 1283 hodie
1506 1241 1713 1298 sapientes

335 1301 483 1343 mundi
504 1304 679 1345 eredere
696 1314 886 1360 possunt,
909 1306 987 1348 nisi
1007 1307 1175 1348 videant
1192 1315 1504 1349 sacramentum
1529 1307 1712 1355 unionis,

338 1376 548 1411 tormenta
584 1371 812 1427 passionis,
849 1383 1098 1429 argumenta
1131 1373 1475 1420 resurrectionis,
1508 1382 1549 1415 et
1572 1374 1717 1416 condi-

337 1444 478 1477 menta
498 1435 796 1480 tribulationis.
820 1439 911 1481 Non
932 1440 1058 1498 igitur
1073 1441 1313 1482 viderehaec
1327 1441 1465 1482 omnia
1479 1455 1716 1497 possumus,

338 1500 412 1543 sed
434 1499 518 1542 fide
536 1502 710 1544 credere
731 1519 808 1545 nos
822 1515 1006 1562 oportet.
1033 1507 1101 1548 Sic
1126 1506 1238 1548 enim
1263 1506 1466 1548 credebat
1487 1507 1636 1547 stando
1651 1505 1718 1548 Si-

337 1581 463 1608 meon
485 1566 527 1607 in
552 1569 708 1625 templo
727 1584 801 1626 per
823 1571 1023 1613 orationis
1049 1572 1341 1619 devotionem3
1369 1571 1428 1613 sie
1449 1579 1489 1612 et
1513 1570 1716 1614 Zaehaeus

338 1633 379 1674 in
417 1646 537 1673 moro
580 1647 654 1689 per
693 1636 895 1691 passionis
930 1637 1208 1679 imitationem
1234 1654 1244 1685 3
1280 1637 1339 1678 sic
1376 1646 1418 1678 et
1451 1636 1642 1694 Apostoli
1676 1638 1717 1679 in

340 1699 505 1740 excelso
528 1713 605 1756 per
623 1701 881 1743 eminentem
905 1703 1202 1750 dilectionem3
1229 1702 1287 1744 sie
1309 1711 1350 1744 et
1367 1703 1550 1746 Thomas
1572 1704 1614 1745 in
1638 1719 1719 1745 eoe-

340 1767 492 1810 naculo
525 1781 600 1823 per
636 1769 819 1825 stuporis
853 1769 1191 1811 admirationem.
1228 1768 1342 1820 Quid
1376 1784 1501 1826 ergo,
1535 1768 1721 1811 fratres?

342 1847 568 1891 pensemus
592 1842 634 1875 et
662 1849 736 1876 nos
765 1844 920 1891 quanta
956 1835 1034 1877 suit
1066 1835 1223 1877 Christi
1248 1834 1476 1877 humilitas.
1516 1835 1620 1886 Quae
1659 1835 1720 1891 (5)

343 1900 456 1943 enim
490 1899 628 1955 major
664 1899 901 1950 humilitas,
936 1917 1063 1959 quam
1094 1902 1231 1944 Deum
1267 1900 1427 1942 homini
1457 1900 1604 1942 uniri?
1628 1916 1721 1958 qua:

344 1966 479 2022 major
503 1966 657 2023 pietas,
688 1983 813 2024 quam
844 1970 976 2010 Deum
1003 1984 1077 2026 pro
1103 1967 1276 2010 homine
1302 1966 1448 2009 mori?
1473 1982 1564 2024 quae
1585 1967 1723 2024 major

345 2033 536 2082 claritas,
557 2049 682 2091 quam
700 2036 1010 2078 resurreetione
1033 2036 1091 2091 (4)
1109 2036 1148 2077 in
1172 2043 1309 2077 morte
1330 2033 1503 2076 vestiri?
1524 2048 1616 2090 quae
1633 2048 1721 2076 ma-

345 2099 412 2155 jor
435 2099 609 2155 aequitas
624 2133 633 2149 ,
665 2115 793 2158 quam
818 2102 1034 2144 hominem
1052 2100 1261 2159 praemiari
1279 2101 1343 2142 vel
1365 2099 1504 2157 puniri
1521 2115 1572 2141 ex
1591 2099 1722 2141 meri—

349 2166 432 2207 tis}J
454 2166 552 2209 Haee
580 2176 719 2210 autem
754 2169 918 2217 omnia,
956 2169 1129 2218 fratres,
1172 2168 1372 2215 eredere,
1406 2174 1448 2208 et
1478 2167 1719 2208 nullatenus

350 2232 542 2274 dubitare
577 2234 806 2286 debemus,
842 2245 887 2278 ut
919 2237 1132 2278 eredendo
1166 2250 1264 2278 eum
1295 2234 1458 2277 Thema
1494 2232 1719 2275 dieamus:

359 2317 374 2336 a
393 2299 597 2342 Dominus
618 2316 736 2344 meus
757 2310 798 2344 et
821 2302 933 2345 Deus
955 2304 1098 2345 meus!
1121 2322 1136 2342 »
1169 2301 1273 2344 Nam
1299 2300 1376 2343 nisi
1399 2299 1722 2345 crediderimus,

351 2363 486 2407 Deum
510 2365 552 2408 in
572 2368 688 2410 nullo
713 2368 908 2411 invocare
932 2369 1163 2427 poterimus
1182 2385 1192 2417 3
1212 2376 1254 2410 et
1272 2367 1404 2410 sinon
1427 2365 1561 2408 aderit
1583 2361 1721 2413 nobis,

398 2476 408 2497 ¹
431 2477 526 2511 Joan.
542 2489 596 2516 xx,
617 2490 669 2521 29.
686 2498 729 2504 —
750 2478 766 2502 2
784 2484 859 2514 Luc.
877 2492 964 2519 xxtv,
983 2481 1039 2515 25.

399 2558 448 2603 (1)
467 2560 745 2597 Cod.>vener1‘e.—-
764 2562 814 2611 (2)
834 2567 930 2597 Deest
947 2564 1014 2597 haee
1028 2575 1090 2596 vox
1108 2566 1142 2597 iu
1160 2562 1232 2597 cod.
1252 2561 1404 2606 temporis
1421 2560 1513 2603 lapsu
1529 2559 1723 2592 oblitterata.

359 2632 397 2639 “·
416 2615 465 2661 (3)
481 2617 560 2651 Cod.
579 2620 661 2652 male
676 2621 777 2664 quid.
795 2627 826 2653 et
844 2620 889 2653 sic
907 2620 1065 2665 deinceps.
1082 2639 1128 2646 -
1147 2620 1195 2664 (4)
1210 2619 1259 2653 1d.
1275 2616 1548 2650 resurrectionem.
