1885 3284
382 306 524 340 smnio
558 305 678 346 xciv,
716 306 772 337 ni:
810 304 1020 338 {missione
1058 303 1224 337 nomm
1261 305 1361 338 vin.
1472 290 1556 339 231

199 389 276 418 nec
302 373 484 417 minatus
503 381 567 416 est
591 372 821 421 daemonia,
846 373 919 413 sed
946 371 986 413 in
1009 386 1136 414 cruce
1159 387 1410 430 suspensus,
1438 373 1565 415 clavis

200 439 343 483 affixus
362 473 370 487 ,
394 439 589 481 omnibus
607 438 781 480 vallatus
804 436 990 493 injuriis,
1012 446 1124 479 totus
1146 438 1337 486 delusus,
1359 445 1468 479 totus
1482 439 1570 479 vul-

197 513 365 547 neratus
382 536 393 554 ‚
412 513 454 546 et
477 513 617 546 tamen
643 503 698 544 ait
718 502 907 545 Salvator
933 517 974 544 :ct
993 501 1123 544 {lodic
1143 518 1311 544 mecum
1329 502 1410 544 cris
1432 502 1473 543 in
1495 502 1571 544 Pa-

198 570 378 613 ,melisa
399 588 413 608 n
454 570 587 612 Hodie
612 584 795 625 namque
816 568 936 610 Matri
961 568 1089 610 fidem
1123 569 1291 625 reliquit
1309 601 1319 616 ,
1356 568 1568 625 Apostolis

195 651 342 694 pacem
359 668 369 684 ‚
393 635 531 677 Mariae
555 643 828 692 peccatorum
852 634 1143 677 remissionem
1163 667 1174 685 ‚
1205 633 1357 675 Judaeis
1380 648 1533 691 corpus
1554 666 1565 682 ,

196 710 316 744 terrae
340 701 568 743 novitatem
591 703 730 742 motus
744 731 755 750 ‚
774 699 850 742 soli
872 700 1186 756 eclipsationem
1200 732 1209 746 ‚
1230 699 1410 742 mortuis
1427 715 1570 742 resur—

195 767 449 815 rectionem,
482 766 778 823 peccatoribus
802 766 1090 808 remissionem
1104 798 1114 814 ‚
1149 765 1310 808 caeteris
1344 765 1569 822 Discipulis

194 832 332 875 carnis
352 831 706 873 resurrectionem
723 863 733 879 ,
761 831 844 872 ac‘ri
869 831 1174 873 obscuritatem
1192 864 1201 878 ‚
1227 845 1342 887 aqum
1365 829 1569 872 amaritu—

194 897 333 938 dinem
354 928 364 946 ‚
383 896 468 953 igni
486 895 773 938 reflexionem.
807 896 904 938 Haec
923 896 1063 938 omnia
1087 895 1278 938 Salvator
1298 895 1420 937 Jesus
1437 895 1570 937 omni-

193 963 271 1004 bus
292 960 492 1003 creaturis
524 960 608 1002 suis
636 960 677 1001 in
709 975 782 1002 sua
815 961 1010 1018 passione
1046 961 1216 1003 donavit
1244 969 1287 1002 et
1319 959 1491 1008 tribuit;
1517 967 1565 1002 ut

191 1026 327 1069 omnis
348 1034 539 1068 creatura
574 1040 697 1067 suum
729 1035 929 1083 agnoscat
959 1025 1204 1068 Creatorem
1227 1033 1312 1067 tam
1341 1024 1569 1068 crudeliter

190 1092 290 1149 pati.
314 1091 462 1133 Omnis
481 1090 593 1132 enim
613 1099 808 1133 creatura
824 1106 1050 1133 moerorem
1071 1091 1112 1133 in
1138 1091 1348 1133 Creatoris
1375 1089 1568 1148 passione

189 1157 397 1206 ostendit:
419 1157 556 1199 omnis
579 1157 814 1199 lamentum
839 1157 1082 1214 assumpsit3
1108 1156 1234 1199 sedin
1249 1155 1566 1198 resurrectione

189 1223 325 1265 omnis
347 1231 539 1266 creatura
562 1223 863 1265 exultationem
884 1223 1070 1280 accepit,
1095 1223 1169 1265 sed
1191 1238 1317 1280 super
1334 1237 1478 1265 omnes
1498 1222 1568 1264 ille

188 1288 256 1330 cui
277 1288 438 1332 dictum
461 1288 597 1332 suerat
619 1303 628 1328 ε
647 1306 662 1325 α
676 1288 840 1331 Mecum
854 1287 980 1331 hodie
997 1288 1078 1330 eris
1093 1288 1133 1331 in
1152 1287 1388 1332 paradiso.»
1404 1289 1560 1330 Amen.

183 1456 306 1470 ΜΜ
316 1457 869 1471 -ἱνΜΜΜΜΜ-ΜΜἏὯ
877 1457 1182 1474 tau-mmmm
1189 1458 1566 1473 “mmmmm

671 1578 877 1626 SERMO
913 1581 1080 1626 XLIV.

516 1698 586 1741 De
621 1699 844 1742 Passione
878 1697 1073 1742 Domini
1109 1698 1235 1742 VIII.

245 1817 321 1861 Hic
340 1835 496 1867 sermo,
511 1823 582 1878 quc'
600 1819 762 1878 legitur,
781 1829 825 1861 ut
833 1821 1110 1878 proecedcntes
1128 1853 1137 1870 ,
1160 1820 1266 1862 Bcbl.
1292 1821 1445 1870 AEclc'l.‚
1464 1822 1554 1865 cod.

183 1903 209 1930 x
230 1921 238 1935 .
247 1887 331 1944 fol.
355 1889 428 1940 25,
456 1891 615 1946 partim
639 1888 823 1929 educitur
839 1904 893 1929 eas
914 1905 1099 1930 sermone
1123 1893 1257 1930 sancti
1281 1888 1562 1944 Chrysostomi

180 1955 232 1997 de
248 1954 351 1999 Zelo
372 1964 414 1998 et
430 1955 589 1999 Pietate
602 1987 612 2006 ,
629 1959 787 2012 partim
807 1956 858 1996 (le
888 1956 958 1997 illo
979 1965 1188 2014 stampato
1217 1960 1322 1998 inter
1360 1960 1558 2017 Augusti-

181 2025 326 2064 nianos
348 2038 475 2082 supra
494 2055 504 2075 ,
535 2023 662 2065 Serm.
687 2024 739 2066 de
762 2025 947 2067 secunda
971 2023 1092 2066 Feria
1112 2025 1295 2067 Paschae.
1330 2025 1432 2067 Hinc
1450 2026 1560 2067 locus

182 2090 270 2144 ejus
277 2099 373 2147 post
391 2091 686 2148 praecedentem
712 2107 800 2132 cum
822 2107 987 2132 numero
1012 2092 1063 2132 cle
1088 2091 1286 2133 Pas-sione
1304 2092 1473 2134 Domini
1487 2107 1553 2134 xv-

727 2220 1002 2266 SYNOPSIS.

233 2328 266 2372 1.
284 2330 389 2370 Laus
406 2333 556 2381 crucis,
580 2345 662 2385 qua
683 2342 835 2382 erecta,
868 2333 973 2372 fiunt
995 2332 1183 2372 tenebrae.
1217 2332 1272 2371 11.
1302 2332 1485 2372 Latronis
1518 2340 1559 2371 et

180 2392 272 2432 Adae
287 2394 543 2446 comparatio.
569 2394 646 2432 111.
669 2394 760 2433 Duo
780 2395 973 2434 Latrones
990 2395 1166 2448 Paganos
1183 2404 1220 2434 et
1232 2394 1253 2433 J
1260 2395 1392 2434 udaeos
1409 2407 1558 2446 reprae-

179 2455 402 2498 sentabant.
432 2456 506 2497 IV.
529 2456 648 2496 Latro
669 2458 823 2508 primus
847 2457 991 2496 habuit
1024 2457 1329 2510 promissionem
1360 2456 1554 2496 Paradisi.

181 2516 228 2560 V.
252 2516 331 2559 Cur
350 2518 420 2559 tali
433 2518 559 2571 gloria
574 2518 747 2559 donatus
767 2529 836 2559 est.
867 2520 935 2560 vl.
958 2519 1183 2560 Conclusio.

238 2634 269 2677 Ι.
302 2635 462 2687 Hom,
485 2635 631 2679 fratres
650 2635 910 2688 charissimi,
946 2651 1049 2679 crux
1084 2634 1238 2680 Christi
1266 2635 1306 2678 in
1337 2643 1445 2677 terra
1471 2632 1552 2676 fixa
