1885 3284
397 322 487 371 250
666 341 706 371 s.
744 338 991 372 Aneusrml
1022 339 1230 372 amscori
1266 339 1506 374 APPENDIX.

397 425 412 443 ι»
427 420 526 463 ergo
549 414 591 448 et
612 406 805 448 laetemur
833 406 875 447 in
895 405 984 447 ea¹.
1004 425 1018 443 n
1048 406 1145 448 llaec
1165 415 1226 449 est
1242 407 1353 449 enim
1373 399 1488 459 diesj
1512 423 1639 466 quam
1659 410 1770 454 Deus

397 473 518 514 nobis
534 473 734 515 exhibere
758 473 968 530 dignatur.
996 471 1094 514 Haec
1118 481 1178 514 est
1202 474 1313 515 enim
1335 474 1421 515 dies
1444 475 1611 517 fontalis
1638 477 1771 519 bene-

395 539 587 580 volentiae
615 540 673 595 (ι)
697 571 706 588 ,
749 538 1012 594 triumphalis
1036 538 1244 588 victoriae,
1270 542 1554 595 praecordialis
1584 542 1737 584 laetitiae
1758 575 1770 592 ,

392 604 618 659 spiritualis
641 605 941 661 intelligentiae.
966 604 1012 645 In
1031 604 1110 646 hac
1129 605 1242 646 enim
1260 606 1326 647 die
1349 607 1548 649 collatum
1569 623 1659 650 esse
1679 623 1773 666 cog-

396 670 611 711 noscimus
633 671 904 712 sublevamen
929 671 1294 727 peregrinantibus
1310 704 1321 720 ,
1355 674 1620 730 propositum
1645 674 1771 731 adju-

397 749 545 776 vamen
565 737 901 782 decertantibus,
932 738 1198 793 propalatum
1238 738 1425 778 solamen
1455 739 1774 793 laborantibus,

397 810 438 843 et
462 810 647 843 amotum
668 803 725 858 (2)
749 804 939 843 velamen
965 803 1272 845 aberrantibus.
1289 804 1479 846 Gaudete
1496 813 1538 846 et
1554 806 1771 853 laetamini,

397 875 438 908 ct
461 883 534 924 per
555 882 701 909 onmes
726 868 839 910 vleos
860 868 1097 911 Jerusalem
1122 869 1314 910 festivum
1338 870 1517 912 Alleluia
1543 880 1738 913 cantetur
1760 902 1770 918 ,

399 948 423 974 ο
448 934 759 990 peregrinantes
775 966 784 982 ‚
812 933 906 990 qnia
930 934 1054 975 hodie
1067 936 1283 992 recepistis
1303 935 1501 977 fiduciam
1520 970 1529 983 ‚
1555 937 1776 979 decertan—

397 1007 457 1041 tes
486 1000 764 1042 constantiam
786 1033 794 1048 ‚
817 1000 1057 1042 laborantes
1076 1002 1430 1057 perseverantiam
1445 1036 1454 1051 ‚
1480 1004 1774 1060 contemplan-

398 1073 459 1106 tes
479 1065 786 1121 refulgentiam.
814 1066 1036 1108 Accedunt
1063 1067 1376 1123 peregrinantes
1404 1070 1455 1110 ad
1474 1068 1633 1109 fontem
1655 1069 1777 1111 bene-

398 1130 608 1176 volentiae,
628 1142 829 1173 utomnes
845 1131 1068 1173 refocillari
1089 1134 1252 1174 valeant
1268 1134 1310 1174 in
1331 1148 1402 1175 sua
1416 1133 1772 1190 peregrinatione,

400 1196 494 1251 quia
517 1196 641 1238 hodie
656 1198 928 1240 resuscitatus
949 1198 1282 1255 apparuithomo
1298 1199 1365 1241 ille
1382 1199 1552 1241 veniens
1570 1199 1636 1241 die
1655 1200 1774 1242 tertia

399 1262 451 1302 de
475 1261 620 1302 castris
644 1261 767 1312 Saul,
796 1270 908 1303 veste
932 1263 1068 1304 carnis
1093 1264 1302 1306 conscissa
1322 1298 1330 1311 ,
1355 1273 1396 1306 ct
1422 1266 1595 1322 pulvere
1623 1264 1776 1306 huma-

401 1325 542 1367 nitatis
562 1341 752 1383 aspersus
770 1337 909 1384 caput.
928 1328 1005 1370 Hic
1024 1338 1087 1369 est
1107 1329 1298 1372 rnimille
1313 1330 1491 1372 Sanctus
1513 1339 1773 1379 sanctorum,

401 1401 649 1434 moestorum
678 1394 911 1436 consolatio
933 1427 942 1443 ,
968 1394 1220 1437 afflictorum
1249 1397 1477 1444 recreatio,
1505 1405 1778 1453 peccatorum

404 1458 679 1508 confortatio,
715 1460 972 1517 pupillorum
1001 1461 1209 1503 solidatio.
1244 1462 1309 1504 Ad
1336 1464 1450 1519 quod
1475 1463 1779 1519 designandum

404 1525 493 1566 haec
516 1532 579 1565 est
599 1525 687 1566 <lies
707 1557 716 1572 ,
741 1524 894 1567 festum
919 1526 1128 1568 frondosae
1155 1528 1414 1577 devotionis,
1430 1543 1560 1570 sacrae
1588 1542 1781 1571 commu-

404 1590 541 1632 nionis
561 1622 570 1639 ‚
593 1590 704 1631 cerei
728 1605 887 1647 magna}
909 1591 1240 1634 illuminationis.

463 1657 514 1699 II.
552 1656 757 1698 Hauriant
780 1657 906 1714 igitur
923 1658 1061 1700 moesti
1084 1675 1211 1715 aquas
1231 1674 1328 1700 cum
1353 1659 1503 1717 gaudio
1527 1659 1579 1702 de
1596 1659 1781 1702 fontibus

404 1721 678 1771 salvatoris&
703 1722 799 1778 quia
830 1721 956 1765 hodie
976 1724 1203 1766 resurrexit
1230 1733 1477 1766 moestorum
1514 1724 1745 1767 consolatio
1766 1741 1776 1773 3

402 1804 498 1831 nam
519 1787 651 1829 Mater
675 1788 943 1831 moestissima
961 1805 1010 1831 ex
1027 1789 1123 1831 Filii
1145 1790 1303 1832 visione
1326 1790 1452 1833 hodie
1478 1791 1780 1834 consolatur.O

401 1862 556 1912 quanta
578 1853 784 1896 suavitate
808 1863 850 1896 et
872 1854 1082 1897 hilaritate
1105 1855 1296 1898 Salvator
1328 1857 1463 1912 primo
1491 1858 1548 1899 illi
1572 1857 1633 1914 (3)
1658 1872 1781 1914 appa-

403 1920 500 1962 ruit.
521 1918 626 1961 Nam
641 1926 686 1959 ut
708 1919 875 1976 opinor,
905 1919 1070 1969 fratres,
1088 1922 1290 1977 quamdiu
1314 1921 1468 1963 Christi
1488 1937 1641 1979 corpus
1659 1922 1781 1977 quie-

400 1987 459 2031 vit
481 1986 522 2027 in
545 1993 824 2027 monumento
839 2018 848 2034 ‚
875 1986 1035 2028 tamdiu
1053 1987 1185 2029 Mater
1205 1986 1297 2042 ejus
1315 1987 1442 2030 Maria
1465 1989 1717 2046 singultibus
1738 1997 1782 2031 et.

404 2051 592 2109 suspiriis
614 2051 760 2092 satiata
783 2060 868 2099 est,
894 2059 935 2093 et
963 2052 1018 2107 (4)
1054 2052 1143 2093 sine
1167 2061 1268 2109 potu
1288 2053 1452 2107 etciho‚
1468 2055 1601 2095 donec
1625 2054 1780 2097 Filium

403 2116 679 2162 resurrexisse
701 2117 827 2165 vidit,
847 2118 1139 2173 perseveravit.
1162 2118 1213 2159 Et
1241 2118 1340 2160 dum
1363 2119 1420 2160 sic
1441 2119 1560 2160 anxie
1582 2119 1780 2175 persiste-

409 2194 474 2227 ret
495 2184 626 2225 Mater
647 2182 705 2239 (ὁ)
727 2184 1030 2240 redemptoris,
1052 2199 1153 2225 ecce
1176 2199 1300 2226 mane
1337 2185 1522 2227 diluculo
1545 2185 1674 2226 Filius
1702 2186 1780 2227 Dei

405 2260 448 2294 et
469 2249 670 2306 Virginis,
695 2250 783 2291 sole
805 2249 1080 2306 splendidior.
1106 2251 1200 2292 nive
1224 2250 1460 2299 candidior,
1500 2251 1664 2293 cunctis
1703 2250 1779 2292 sse-

452 2367 461 2389 ¹
481 2367 562 2399 Psal.
583 2376 679 2402 cxvn,
700 2371 756 2402 234.
777 2383 820 2389 -
838 2362 940 2398 ²Isa'1‘.
956 2374 1017 2404 xn,
1036 2367 1066 2397 3.

454 2457 501 2501 (ι)
524 2456 606 2489 Cod.
624 2455 865 2494 benivolenciae,
886 2460 919 2487 et
945 2454 990 2487 sic
1007 2454 1099 2487 infra.
1121 2473 1162 2479 ⁶-
1184 2454 1234 2498 (2)
1262 2455 1311 2489 Id.
1336 2455 1513 2487 admotum.
1539 2471 1587 2479 -—·
1607 2453 1652 2496 (3)
1681 2455 1780 2485 Deest

401 2514 452 2545 illi
471 2514 503 2546 in
522 2513 595 2548 cod.
619 2515 695 2546 Non
720 2514 809 2556 juxta
829 2511 1064 2555 Scripturarum
1087 2511 1306 2544 testimonium
1330 2523 1468 2544 asserere
1486 2511 1612 2543 videtur
1626 2509 1776 2553 scriptor,

399 2570 561 2603 Christum
583 2569 680 2601 Matri
699 2570 805 2612 primo
826 2567 1009 2611 apparuisse
1024 2592 1031 2606 ‚
1063 2576 1097 2599 ut
1122 2567 1230 2600 videre
1259 2574 1303 2600 est
1320 2579 1426 2612 supra.
1447 2569 1568 2600 Caetera
1592 2577 1679 2598 mera
1704 2570 1779 2598 sunt

399 2626 460 2671 piae
476 2625 591 2658 mentis
607 2625 744 2660 somnia.
767 2642 814 2648 —
834 2621 886 2672 (4)
905 2627 1003 2657 Deest
1028 2632 1061 2656 ec
1086 2623 1121 2658 in
1138 2624 1209 2659 cod.
1236 2642 1279 2649 —
1305 2621 1355 2669 (5)
1373 2623 1453 2656 Cod.
1474 2623 1581 2663 unici3
1601 2628 1632 2654 et
1652 2621 1778 2654 deinde

402 2691 434 2715 ee
453 2694 536 2714 ecce.
