1885 3284
344 377 488 408 sEnMO
528 377 615 412 ux,
659 379 711 407 nr.
750 376 1031 408 PEN'rEcosTr:
1068 376 1129 418 iv,
1168 375 1265 404 mc..
1402 360 1494 406 :313

124 571 304 582 ws=w=xzs
312 571 492 583 wsmwswaex
501 570 1292 583 msssnss-1wvsnvsmmwsmwwwws
1302 577 1306 579 >
1315 571 1496 584 snmuvm

631 729 833 771 SERMO
870 728 990 771 LIX.

161 868 230 910 De
266 867 544 910 Pentecoste
580 867 659 921 IV,
696 864 753 909 de
790 866 1010 910 Adventu
1046 863 1249 925 Spirims
1287 864 1452 907 sancti.

178 1021 295 1062 Hune
308 1037 533 1062 sermonem
553 1021 831 1078 suppeditavit
854 1021 999 1061 eadem
1023 1020 1130 1061 Bibl.
1152 1019 1279 1061 AEdz'l.
1295 1053 1303 1067 ‚
1331 1018 1431 1060 Cod.
1445 1034 1469 1060 x
1484 1052 1495 1067 ‚

112 1088 191 1143 sol.
220 1089 288 1130 56.
319 1088 383 1129 Sit
402 1097 447 1129 ut
463 1089 744 1146 prceeedentes
765 1094 806 1129 ιή
827 1089 1054 1146 appendice
1076 1097 1177 1147 post
1196 1087 1495 1145 prcecedenlem

117 1172 207 1197 cum
228 1172 394 1198 numero
414 1156 464 1198 de
486 1157 723 1198 Pentecoste
746 1172 802 1199 xi.

660 1317 765 1360 SYN
773 1317 938 1360 OPSIS.

170 1456 205 1494 I.
235 1455 383 1494 Gratiae
399 1456 595 1506 Apostolis
612 1456 728 1494 daiae.
757 1455 809 1492 11.
842 1454 1085 1506 Mysterium
1115 1452 1363 1490 Pentecostes
1377 1452 1415 1489 in
1436 1464 1500 1488 ve-

117 1517 190 1555 teri
210 1517 311 1569 Lege
331 1518 550 1568 figuratum
576 1518 649 1556 ΙΙΙ.
670 1516 863 1567 Scripmr,
883 1531 928 1555 ex
950 1514 1164 1560 monacho,
1179 1513 1403 1564 presbyter.
1422 1512 1493 1553 IV.

115 1579 236 1618 Dotes
256 1591 376 1628 quaea
397 1579 642 1631 presbyteris
661 1578 942 1629 requiruntur.
966 1576 1016 1615 V.
1046 1576 1090 1614 [n
1111 1575 1393 1626 praedicatione
1413 1587 1501 1612 mo-

117 1642 192 1680 dus
212 1650 269 1681 est
282 1639 488 1679 tenendus.

181 1803 211 1843 [.
250 1802 480 1844 Consanum
501 1809 544 1842 et
561 1801 734 1857 dignum
763 1808 851 1849 est,
880 1798 1028 1841 fratres
1051 1798 1318 1846 charissimi,
1359 1807 1404 1839 ut
1435 1797 1500 1840 his

118 1868 266 1911 diebus
287 1901 298 1917 ‚
317 1868 357 1908 in
382 1867 535 1923 quibus
552 1867 732 1923 legimus
745 1875 912 1907 sanctos
937 1865 1161 1922 Apostolos
1181 1864 1220 1905 in
1235 1865 1384 1905 eodem
1406 1864 1500 1905 loco

117 1933 274 1989 pariter
296 1939 571 1989 congregatos
595 1939 641 1973 et
666 1930 825 1988 Spiritu
859 1939 1004 1971 sancto
1029 1928 1229 1987 repletos¹
1249 1962 1255 1974 ,
1280 1937 1322 1970 et
1344 1943 1420 1969 nos
1441 1928 1502 1983 (ι)

118 2008 375 2040 conventum
397 1997 438 2039 in
462 1999 588 2039 domo
608 1997 684 2039 Dei
699 1997 855 2053 pariter
877 1995 1092 2038 faciamus.
1126 1995 1172 2036 In
1196 1994 1275 2036 hac
1297 1994 1408 2035 enim
1435 1994 1501 2035 die

119 2063 398 2105 sacratissima
415 2097 425 2112 ,
450 2063 583 2104 saneti
606 2062 799 2120 Apostoli
823 2063 978 2103 multas
995 2061 1149 2118 gratias
1167 2093 1176 2105 ‚
1203 2075 1294 2116 quae
1317 2061 1369 2101 ad
1401 2059 1499 2101 offi—

119 2128 233 2170 cium
264 2128 520 2170 clericorum
552 2130 766 2184 pertinent
806 2137 848 2169 et
880 2127 1120 2184 pastoribus
1151 2126 1349 2167 Ecclesiae
1380 2126 1501 2166 valde

119 2192 367 2235 necessariae
390 2202 511 2241 sunt,
539 2202 795 2249 receperunt
823 2192 1008 2233 abunde.
1049 2192 1148 2233 Ideo
1183 2190 1320 2247 primo
1354 2190 1501 2231 videa-

120 2272 213 2300 mus
232 2259 334 2316 quid
356 2259 499 2300 datum
521 2266 584 2299 est
608 2258 709 2306 illis,
742 2267 789 2299 ut
811 2267 853 2299 et
890 2273 963 2298 nos
993 2257 1206 2299 discamus
1229 2257 1330 2312 quid
1353 2257 1499 2298 datum

119 2324 172 2365 sit
193 2324 329 2366 nobis.
358 2324 543 2365 Dederat
563 2322 647 2379 jam
672 2323 878 2365 Dominus
911 2328 1163 2379 potestatem
1186 2320 1398 2377 Apostolis
1430 2335 1500 2361 ex-

121 2389 302 2446 pellendi
327 2390 561 2441 daemones,
584 2389 758 2430 sanandi
782 2387 996 2436 infirmos,
1025 2387 1269 2429 dimittendi
1293 2394 1466 2443 peccata
1488 2418 1499 2433 ‚

121 2464 164 2496 et
184 2455 224 2496 in
244 2469 385 2502 coena,
413 2455 582 2510 quando
603 2468 673 2496 eos
691 2453 732 2495 in
751 2454 1022 2511 presbyteros
1046 2451 1330 2498 consecravit,
1350 2460 1392 2493 et
1409 2458 1502 2507 post

121 2520 476 2561 resurrectionem
491 2552 502 2568 ,
519 2518 689 2575 quando
712 2518 753 2560 in
770 2518 876 2561 facie
894 2533 1041 2560 eorum
1060 2516 1286 2558 insufflavit
1304 2524 1346 2558 et
1369 2516 1498 2557 dixit:

170 2630 180 2650 ¹
197 2631 273 2660 Act.
297 2640 332 2667 ιι,
356 2640 386 2667 1,
404 2635 434 2660 et
448 2639 537 2671 seqq.

170 2705 226 2755 (1)
243 2708 323 2741 Cod.
343 2710 425 2741 male
444 2717 478 2739 ut
495 2717 526 2739 et
547 2720 615 2739 nos.
