1868 3301
353 349 444 404 452
614 364 648 392 s.
691 361 933 394 AUGUSTINI
975 362 1176 393 13121500121
1214 362 1452 396 APPENDtX.

353 436 492 469 torum
517 427 738 483 iniquitate
763 430 1029 474 damnemur,
1055 427 1085 468 si
1110 442 1180 469 eos
1208 428 1447 484 ignorantes
1470 445 1553 471 non
1579 430 1722 471 erudi-

352 508 446 534 mus
463 525 472 541 ,
499 501 567 533 ant
596 501 821 549 peccantes
843 509 925 534 non
962 493 1186 549 arguimus.
1221 492 1392 535 Summa
1414 496 1526 538 enim
1550 496 1722 552 diligen-

351 559 404 601 tia
419 591 430 607 ,
457 573 620 599 summa
644 558 847 601 charitate
865 591 874 607 ‚
901 573 1066 600 summo
1096 559 1302 600 desiderio
1315 569 1356 601 ct
1378 560 1538 603 fervore
1559 576 1632 602 nos
1650 560 1720 617 qui

348 633 537 679 pastores
560 639 704 665 sumus
721 658 730 672 ‚
767 625 1036 666 consolemur
1061 624 1237 666 afflictos
1253 658 1262 674 ,
1292 640 1512 681 pascamus
1534 642 1687 683 egenos
1707 659 1716 673 ‚

349 690 575 729 induamus
598 690 754 737 nudos,
787 688 1043 730 redimamus
1061 689 1246 745 captivos
1263 723 1271 736 ‚
1297 690 1574 747 suscipiamus
1597 706 1719 747 pere-

347 754 513 810 grinos,
541 755 770 810 desperatis
799 753 961 796 veniam
986 755 1305 810 promittamus,
1335 755 1469 797 bonos
1506 755 1720 796 custodia-

346 833 455 865 mus,
481 827 522 858 et
544 818 811 873 quidquidad
827 827 1016 859 nostrum
1041 818 1225 860 officium
1246 819 1450 875 pertinet,
1478 828 1721 861 constanter

344 897 636 931 exerceamus,
664 882 887 937 adjuvante
912 884 1092 924 Domino
1116 892 1260 925 nostro
1282 884 1381 925 Jcsu
1416 884 1586 925 Christo
1606 917 1615 931 ,
1643 884 1713 939 qui

344 962 441 988 cum
461 947 583 989 Patre
606 956 647 988 et
670 946 831 1004 Spiritu
852 957 997 990 sancto
1032 948 1132 991 vivit
1155 958 1197 991 et
1220 958 1367 1006 regnat
1396 949 1438 992 in
1466 951 1618 992 saeeula
1644 963 1717 990 sae·

344 1013 553 1055 culorum.
590 1012 738 1055 Amen.

339 1215 391 1225 nv·
403 1214 455 1224 §xz
465 1214 517 1224 xus
528 1212 1212 1225 =24==1=xs=2ssntxxxxtwnzmuzssxxmm
1222 1213 1335 1224 mma-wa
1345 1214 1378 1223 =s
1388 1213 1521 1224 summm*
1531 1212 1713 1224 uxssnmm

758 1367 965 1412 SERMO
1002 1367 1298 1411 LXXXVIII.

639 1495 709 1540 Ad
746 1497 964 1558 Virgines
1001 1499 1279 1542 Monasterii
1317 1498 1405 1541 sui.

391 1660 423 1700 S
424 1664 455 1700 it
461 1668 561 1716 post
563 1659 862 1716 prceeeclentem
874 1664 913 1700 in
925 1661 1148 1717 appendice
1159 1660 1223 1701 laic
1233 1675 1367 1701 sermo
1376 1668 1512 1701 emtus
1524 1675 1579 1701 ex
1596 1660 1631 1700 B
1635 1660 1692 1701 [bl
1695 1692 1704 1702 .

333 1727 463 1770 sEdc'l.
476 1759 486 1777 ,
514 1726 602 1768 cod.
629 1741 652 1768 x
670 1758 682 1773 ,
698 1725 785 1780 sbl.
807 1727 855 1768 51
875 1727 912 1768 b.

876 1888 1157 1932 SYNOPSIS.

385 2025 412 2062 1.
446 2025 541 2074 Quae
564 2024 732 2063 virtutes
758 2023 969 2076 Virginem
987 2023 1253 2062 Christianam
1272 2022 1422 2062 deceat.
1445 2023 1497 2064 ΙΙ.
1523 2023 1709 2077 Virgines

330 2085 489 2138 Angelis
510 2086 623 2138 quasi
644 2087 882 2136 superiores.
921 2085 998 2124 III.
1026 2084 1263 2124 Adhortatio
1282 2085 1333 2124 ad
1351 2080 1588 2125 {servandam
1606 2085 1708 2124 hanc

329 2147 505 2188 divinam
528 2149 735 2187 virtutem.

389 2306 418 2346 l.
461 2304 606 2347 Dsscm*
639 2304 825 2362 Virgines
861 2303 1118 2346 Christianas
1152 2318 1236 2344 non
1267 2305 1403 2345 solum
1427 2306 1615 2362 corporis
1632 2306 1706 2348 sed

328 2369 479 2410 mentis
512 2369 791 2424 virginitatem
822 2383 1001 2410 servare.
1041 2367 1154 2418 Quid
1187 2368 1296 2409 enim
1332 2370 1503 2425 prodest
1544 2369 1703 2427 integra

329 2448 453 2480 caro,
499 2443 639 2475 mente
679 2433 918 2491 corrupta?
956 2433 1101 2475 Melius
1140 2441 1202 2474 est
1236 2432 1396 2475 humile
1433 2434 1700 2491 conjugium,

327 2513 452 2554 quani
469 2498 652 2554 superba
669 2498 894 2554 virginitas.
922 2497 1108 2548 Quidest
1127 2498 1341 2553 integritas
1358 2498 1510 2539 mentis
1533 2501 1598 2540 vel
1618 2498 1702 2540 vir-

327 2564 498 2620 ginitas,
527 2563 604 2604 nisi
627 2563 832 2620 integram
865 2562 1016 2609 fidem,
1052 2562 1229 2603 solidam
1262 2578 1403 2618 spem,
1430 2568 1471 2604 ct
1493 2564 1700 2606 sinceram

327 2629 576 2670 charitatem
588 2630 779 2670 servare?
794 2629 1062 2685 Decetigitur
1075 2627 1265 2684 Virgines
1276 2627 1533 2669 Christi-‘inas
1554 2643 1700 2685 agnos-

329 2710 425 2737 cere
447 2694 599 2751 quibus
618 2695 838 2751 praeceptis
858 2694 1110 2737 conveniant
1127 2694 1316 2737 insistere
1332 2725 1341 2740 ‚
1362 2709 1382 2735 a
1406 2694 1571 2750 quantis
1591 2694 1696 2737 vitiis
