1868 3301
199 370 343 402 annno
378 369 552 407 Lxxxn,
589 369 646 399 nr.
681 367 892 399 connum
929 366 1276 408 com-essenon,
1316 370 1410 401 mc,
1475 358 1568 413 433

198 435 331 483 mala,
354 435 429 477 sed
452 434 550 490 quia
569 448 656 476 non
678 432 914 475 necessaria
936 440 1046 474 sunt.
1075 432 1152 474 Per
1175 433 1470 478 abstinentiam
1488 451 1575 479 car-

198 499 263 543 nis
274 499 370 541 vitia
387 498 708 555 extinguuntur,
724 506 875 540 etcaro
894 513 976 539 non
994 497 1229 547 occiditur:
1256 514 1351 542 nam
1375 501 1407 542 si
1421 502 1577 546 cliordn

199 564 242 607 in
264 564 424 606 cithara
446 564 570 605 nimis
587 564 845 610 extenditur,
869 563 991 605 facile
1010 563 1232 620 rumpitur.
1251 566 1334 607 Sed
1357 567 1458 622 quid
1483 584 1581 625 pro-

201 630 294 672 dest
315 629 436 672 nobis
462 644 616 686 corpus
639 637 858 670 attenuare
879 628 1046 683 jejuniis
1068 639 1110 670 et
1131 629 1410 680 abstinentiis,
1438 634 1470 675 si
1490 634 1581 675 ani-

200 709 296 737 mus
315 694 558 736 intumescit
575 693 912 751 superbiquuid
934 694 1096 735 virtutis
1112 693 1316 738 habemus
1336 698 1478 740 vinnm
1498 715 1584 741 non

201 759 372 807 bibere,
393 759 425 801 si
445 760 503 800 ira
520 767 560 800 et
576 760 674 800 odio
687 759 875 815 quotidie
895 758 1182 800 inebriamur?
1200 759 1420 803 Molestum
1446 773 1586 806 tamen

208 831 271 866 est
289 839 434 866 carcre
457 824 631 865 assuetis
655 823 941 879 voluptatibus
958 857 967 871 ‚
994 825 1114 865 valde
1144 825 1354 867 abstinere
1378 828 1475 870 cilio
1495 861 1505 877 ,
1533 830 1591 871 si-

209 889 287 930 tire
310 896 353 930 et
373 888 546 930 esurire.
579 887 660 929 Sed
682 888 887 929 attendite
906 920 916 935 ,
942 888 1116 938 fratres,
1142 891 1394 932 miraculum
1420 925 1429 942 ,
1455 894 1593 936 videte

207 955 520 1010 spectaculum,
547 952 689 994 audite
715 951 838 993 dulce
858 954 1134 1009 praeconium.
1173 954 1286 1005 Quid
1310 957 1421 998 enim
1456 958 1593 1014 majus

206 1019 484 1066 miraculum,
515 1032 640 1073 quam
677 1026 737 1060 tot
767 1017 966 1072 juvenes,
991 1027 1052 1059 tot
1077 1020 1365 1063 adolescentes
1385 1055 1394 1066 .
1423 1032 1486 1065 tot
1521 1040 1593 1066 no-

205 1083 311 1126 biles
335 1083 477 1124 videre
506 1083 545 1124 in
566 1097 737 1125 carcere
761 1085 906 1124 mundi
928 1084 1269 1140 triumphantes?
1290 1086 1388 1129 Sine
1411 1089 1592 1131 vinculis

205 1156 431 1196 tenentum
459 1149 547 1190 solo
572 1148 646 1189 Dei
676 1163 819 1190 amore
843 1148 991 1190 conlisi
1016 1150 1056 1190 in
1082 1151 1195 1191 omni
1220 1152 1417 1207 patientia
1443 1170 1590 1211 perse-

203 1222 364 1256 verant.
393 1213 608 1269 Numquid
632 1228 714 1254 non
745 1215 804 1269 (t)
843 1215 951 1255 sicut
986 1215 1088 1272 ipsi,
1124 1215 1212 1257 Deo
1234 1216 1430 1266 favente,
1456 1221 1594 1262 facete

202 1279 460 1336 poterimus,
486 1277 663 1319 fratres?
681 1279 888 1334 numquid
918 1280 1030 1320 Deus
1055 1280 1202 1323 deficit
1235 1283 1392 1324 nobis?
1424 1284 1591 1329 Radicis

203 1344 530 1387 amaritudinem
561 1344 744 1386 dulcedo
776 1345 888 1400 pomi
921 1356 1193 1402 compensat;
1239 1349 1366 1390 maris
1404 1351 1590 1405 pericula

202 1425 297 1467 spes
313 1410 420 1451 lucri
444 1410 653 1456 delectem
678 1410 958 1458 medicinam,
979 1413 1171 1453 dolorem
1198 1427 1292 1470 spes
1310 1416 1498 1458 sanitatis
1516 1418 1573 1459 mi

201 1475 319 1531 tigat.
347 1474 562 1531 Numquid
586 1474 656 1530 qui
680 1475 879 1515 nucleum
912 1476 1152 1523 desiderat,
1179 1492 1334 1520 nucem
1366 1495 1449 1521 non
1476 1482 1566 1525 sran

198 1542 257 1599 git
274 1541 291 1582 P
311 1540 607 1583 Poenitentiam
621 1554 720 1595 ergo
745 1543 922 1596 agatqui
943 1542 1030 1581 vult
1049 1541 1263 1584 adhaerere
1279 1553 1439 1589 aeterno
1456 1549 1584 1594 bono.

197 1605 412 1649 Praeconia
436 1604 591 1645 Christi
616 1619 789 1645 narrare
814 1619 898 1646 non
925 1616 1126 1661 possunt,
1153 1609 1224 1664 qui
1249 1610 1300 1650 ad
1325 1614 1505 1666 palmam
1527 1615 1585 1656 in-

200 1670 427 1728 dulgentiae
449 1684 534 1711 non
556 1679 808 1711 meruerunt
828 1672 1063 1727 pervenire.
1092 1672 1129 1714 O
1151 1675 1416 1729 poenitentia,
1443 1688 1483 1720 tu
1503 1681 1585 1724 lau·

197 1751 350 1794 guores
373 1751 519 1783 sanas,
546 1743 589 1776 tu
612 1735 801 1791 leprosos
829 1750 976 1782 curas.
1000 1747 1194 1780 mertuos
1213 1742 1408 1789 suscitas.
1436 1747 1585 1788 sanita-

198 1811 284 1845 tem
309 1815 459 1858 auges,
476 1800 658 1857 gratiam
683 1814 931 1848 conserva8‚
978 1817 1168 1858 gressum
1208 1806 1357 1848 tribuis
1390 1811 1551 1853 claudis
1568 1845 1579 1862 ‚

197 1867 323 1910 aridis
341 1866 530 1922 copiam,
554 1864 676 1906 caecis
700 1865 836 1906 visum
859 1898 868 1913 ,
896 1866 998 1909 vitia
1022 1866 1165 1924 fugas,
1185 1871 1360 1914 virtutes
1381 1889 1581 1927 exornas,

197 1943 239 1977 et
255 1941 417 1975 mentes
439 1939 609 1972 tuorum
634 1930 907 1971 corroboras!

253 1997 306 2041 ll.
344 1997 416 2039 Eia
439 2010 565 2052 ergo,
599 2009 624 2035 o
647 2003 866 2051 peccator,
895 2011 978 2037 non
1001 1997 1162 2040 sufficit
1183 2001 1465 2046 consessorem
1489 2022 1579 2050 esse

195 2071 362 2106 tantum
395 2076 468 2103 ore
497 2061 562 2102 vel
600 2060 792 2106 nomine.
826 2062 898 2102 sed
922 2076 1050 2117 opere
1073 2072 1114 2105 ct
1133 2065 1321 2112 veritate.
1350 2069 1439 2111 Non
1463 2074 1576 2115 enim

195 2128 416 2185 desperes,
440 2140 524 2168 non
557 2124 737 2167 diffidas.
765 2125 877 2168 Ecce
898 2128 1010 2168 enim
1036 2134 1226 2185 peccavit
1243 2131 1374 2175 David
1393 2168 1402 2182 ,
1429 2147 1470 2178 et
1488 2141 1576 2182 5010

193 2194 325 2236 verbo
344 2190 609 2234 contritionis
629 2191 933 2248 indulgentiam
952 2196 1121 2237 meruit.
1149 2195 1362 2254 Numquid
1374 2209 1411 2241 et
1427 2202 1574 2248 Petrus

193 2274 279 2301 non
304 2258 467 2301 felicior
488 2257 623 2298 sactus
646 2265 732 2308 cst,
756 2267 977 2314 postquam
996 2260 1210 2303 Christum
1231 2266 1426 2321 negavit?
1451 2285 1574 2313 uum-

193 2325 295 2382 quid
313 2339 398 2366 non
426 2321 603 2365 sortior?
626 2323 835 2379 numquid
855 2339 939 2365 non
966 2328 1261 2370 constantior?
1295 2332 1402 2382 Quia
1429 2333 1576 2382 flendo

195 2390 356 2441 doluit,
396 2391 522 2446 longe
560 2388 763 2445 majorem
792 2391 967 2447 gratiam
993 2394 1149 2449 reperit
1187 2404 1281 2452 post
1317 2410 1537 2453 peccantum
1561 2441 1571 2455 ,

193 2471 319 2514 quam
348 2455 546 2498 amiserat
573 2453 645 2508 (2).
674 2453 777 2496 Nam
805 2456 909 2497 nihil
932 2471 1108 2513 peccare
1131 2461 1260 2502 solius
1281 2461 1356 2503 Dei
1382 2474 1443 2507 cst
1464 2500 1473 2514 ‚
1501 2471 1576 2514 sed,

195 2521 306 2565 mala
341 2535 508 2577 semper
531 2534 653 2576 agero
677 2521 851 2562 omnino
874 2532 1066 2565 nostrum
1090 2533 1166 2566 est.
1206 2525 1311 2577 Quis
1343 2527 1385 2570 in
1420 2536 1575 2577 saeculo

195 2586 390 2644 peccavit
412 2585 631 2629 enormius
648 2584 779 2627 Paulo
795 2585 812 2625 Ξ)
828 2586 922 2643 quis
944 2588 985 2630 in
1003 2589 1206 2645 religione
1227 2591 1393 2648 gravius
1415 2594 1540 2640 Petro
1561 2601 1577 2641 Ρ

241 2706 295 2754 (ι)
311 2711 409 2740 Deest
422 2719 486 2738 non
504 2709 537 2738 in
556 2706 652 2747 cod.‚
672 2711 703 2739 et
722 2705 765 2738 sic
785 2706 946 2751 deinceps.
964 2728 1001 2733 —
1022 2708 1072 2754 (2)
1088 2710 1166 2742 Cod.
1186 2713 1339 2744 amiserit.

356 2781 489 2812 cxxx1
516 2764 599 2811 bis.
1362 2777 1417 2820 23
