1885 3284
417 342 473 388 52
823 357 862 384 s.
903 354 1148 384 mensum
1182 353 1387 384 nplscopi

415 426 633 472 gignuntur
653 422 763 459 emto.
789 420 840 457 ll.
864 419 1197 458 Mariiabaeornm
1218 419 1356 456 matris
1376 417 1553 458 felicitas.
1578 418 1651 456 lll'.
1674 418 1788 469 Ejus-

410 483 502 520 ’ἀνίει
530 481 724 520 fortitudo
748 480 845 518 lilios
876 480 1135 531 alloquentis,
1176 479 1248 517 IV.
1271 479 1497 518 mirabilior
1517 479 1649 518 adhuc
1666 481 1707 519 in
1727 480 1789 519 ul-

408 546 506 583 timo
529 543 701 582 filiorum
724 542 940 581 offerendo.
965 542 1014 581 V.
1035 540 1260 579 Conclusio.

478 683 511 727 Ι.
555 682 601 725 ὃι
631 679 839 735 velimus,
880 680 1030 726 fratres
1065 680 1335 725 dilectissimi
1363 717 1374 735 ,
1410 679 1463 724 de
1500 680 1679 739 singulis
1696 681 1786 727 istis

408 752 566 798 sanctis
592 768 640 796 ac
659 751 916 795 beatissimis
941 762 1103 813 septem
1130 749 1366 806 fratribus,
1395 750 1471 813 qui
1492 749 1561 794 die
1583 766 1666 796 una
1685 767 1785 796 cum

407 839 483 868 sua
505 821 690 882 gloriosa
711 830 847 865 matre
866 821 980 883 passi
1005 831 1103 866 sunt
1129 858 1138 874 ,
1179 819 1330 865 laudes
1368 821 1512 865 dicere
1537 857 1547 874 ,
1589 837 1669 865 nec
1710 838 1787 866 nos

405 893 617 938 duramus
634 891 874 953 loquendo,
899 908 978 936 nec
989 908 1064 936 vos
1082 890 1273 937 toleratis
1289 890 1522 937 audiendo,
1542 895 1782 943 Postremo,

407 964 559 1009 fratres
575 1001 585 1017 ‚
609 963 688 1008 etsi
714 973 854 1008 vestra
877 962 921 1006 in
949 962 1167 1007 audiendo
1186 962 1387 1026 persistat
1409 962 1617 1017 aviditas,
1640 973 1786 1008 nostra

408 1046 552 1080 tamen
576 1032 763 1079 dicendo
784 1032 994 1096 fatigatur
1014 1034 1259 1080 infirmitas.
1291 1033 1399 1089 Quis
1424 1033 1537 1078 enim
1561 1070 1571 1089 ,
1599 1032 1786 1078 dilectis-

414 1106 537 1161 simi,
565 1104 751 1150 sufficiat
787 1103 915 1163 digne
939 1103 1118 1149 laudare
1136 1141 1146 1158 ,
1172 1103 1301 1164 digne
1319 1104 1581 1166 praedicare,
1604 1104 1681 1149 etsi
1701 1121 1787 1150 non

409 1176 480 1222 die
501 1194 585 1222 una
612 1186 736 1220 natos
753 1212 763 1229 ‚
792 1185 937 1219 tamen
959 1192 1038 1238 per
1056 1175 1367 1221 confessionem
1389 1174 1458 1219 die
1480 1191 1564 1221 una
1598 1192 1785 1221 corona-

409 1250 506 1292 tos?
534 1247 631 1291 Hoc
652 1246 710 1290 eis
731 1255 879 1290 sancta
901 1244 1003 1291 fecit
1029 1245 1240 1291 confessio
1262 1281 1272 1300 ,,
1301 1245 1420 1308 quod
1441 1262 1527 1290 non
1549 1256 1691 1308 potest
1717 1248 1784 1291 fa·-

407 1335 503 1364 cere
521 1318 716 1362 humana
734 1316 999 1379 parturitio;
1030 1317 1139 1374 hoc,
1163 1317 1345 1379 inquam
1365 1353 1375 1371 ³
1398 1316 1500 1361 fecit
1527 1317 1675 1362 divina
1694 1334 1784 1377 gra-

411 1390 490 1434 tia.
521 1386 641 1451 quod
662 1403 749 1431 non
769 1396 911 1448 potest
934 1386 1129 1432 humana
1157 1397 1328 1432 natura.
1375 1388 1473 1431 Non
1501 1388 1614 1432 enim
1644 1397 1787 1450 potest

405 1473 697 1522 quaecumque
717 1456 874 1501 mulier
889 1456 958 1502 die
976 1474 1060 1502 una
1081 1474 1282 1516 generare
1308 1468 1470 1520 septem
1494 1457 1660 1514 fratres,
1676 1475 1785 1521 quo-

408 1528 537 1575 modo
569 1528 668 1572 haec
700 1528 826 1572 beata
850 1538 891 1572 et
921 1527 1105 1587 gloriosa
1142 1527 1399 1572 Machabaea
1431 1529 1579 1586 genuit
1605 1528 1782 1574 Christo

406 1618 484 1664 per
505 1599 635 1644 fidem
658 1614 740 1642 una
761 1597 830 1642 die
855 1608 1021 1660 septem
1044 1600 1255 1661 Martyres
1280 1598 1557 1644 conitssores.
1583 1599 1782 1645 Gaudea-

405 1689 500 1717 mus
520 1708 530 1725 ‚
553 1670 705 1715 fratres
726 1668 970 1713 charissimi
995 1706 1004 1723 ‚
1028 1670 1131 1732 quia
1152 1669 1259 1714 fides
1293 1668 1397 1714 facit
1422 1669 1542 1731 quod
1571 1671 1782 1717 naturalis

403 1740 629 1807 progenies
648 1755 875 1802 nunquam
901 1738 1018 1785 fecit.
1052 1739 1336 1785 Gaudeamus
1364 1740 1416 1785 ad
1442 1739 1521 1785 Dei
1540 1740 1777 1797 mirabilia,

402 1816 603 1861 laetemur
621 1810 673 1856 ad
692 1810 769 1855 Dei
789 1810 1021 1870 magnalia,
1047 1810 1148 1874 quia
1168 1827 1277 1873 quos
1294 1810 1363 1874 (1)
1387 1828 1472 1855 non
1493 1811 1638 1874 potuit
1650 1811 1779 1859 simul

402 1885 526 1932 edere
552 1893 698 1928 uterus
719 1880 878 1937 carnis,
899 1880 1029 1926 simul
1052 1882 1278 1927 coronavit
1295 1880 1428 1926 hodie
1451 1881 1663 1927 Dominus
1682 1899 1779 1929 ma-

395 1955 578 2018 jestatis‚

468 2028 527 2074 II.
571 2026 611 2073 O
633 2024 730 2070 felix
754 2032 888 2069 mater
918 2038 1018 2086 quae
1041 2022 1190 2082 genuit
1218 2021 1345 2078 tales,
1384 2022 1468 2067 hoc
1500 2032 1562 2067 est
1585 2039 1715 2069 carne
1736 2035 1778 2069 et

401 2099 615 2145 charitate
637 2133 648 2152 ‚
670 2093 838 2141 mundo
854 2103 897 2138 et
923 2094 1014 2138 Deo
1033 2130 1044 2149 ‚
1070 2091 1232 2139 saeculo
1268 2102 1309 2138 et
1346 2091 1525 2138 Christo
1546 2130 1557 2149 ,
1583 2103 1709 2139 terrae
1736 2105 1778 2140 et

400 2170 531 2216 coelo.
561 2167 645 2214 Sed
667 2183 775 2229 quos
797 2164 942 2228 primo
963 2181 1063 2209 cum
1091 2163 1268 2209 tristitia
1293 2174 1335 2209 et
1361 2164 1524 2223 gemitu
1548 2181 1678 2210 carne
1701 2182 1775 2224 ge-

400 2249 648 2293 neraverat,
688 2253 808 2283 nunc
834 2236 946 2281 sicut
968 2234 1195 2281 Abraham
1222 2245 1431 2298 tanquam
1466 2235 1774 2282 holocaustum

399 2314 492 2358 Deo
512 2312 557 2356 in
580 2327 650 2355 ara
669 2308 769 2353 fidei
789 2345 801 2364 ,
826 2323 928 2352 cum
953 2306 1104 2352 laetitia
1127 2305 1318 2366 singulos
1336 2306 1391 2351 acl
1415 2305 1638 2351 victimam
1664 2307 1769 2352 offe-

399 2383 537 2429 rebat.
554 2381 592 2425 O
612 2379 709 2426 felix
728 2389 884 2432 mater,
903 2394 1005 2439 quae
1026 2376 1196 2422 nullum
1218 2376 1408 2422 filiorum
1431 2393 1609 2422 suorum
1632 2378 1772 2423 Deum

401 2462 646 2512 negantem,
676 2448 805 2512 plane
827 2446 1075 2503 Christum,
1103 2445 1275 2491 nullum
1300 2447 1563 2492 titubantem
1589 2446 1770 2510 aspexit,

394 2523 565 2572 nullum
593 2519 820 2567 daemoniis
842 2519 1157 2565 sacrificantem
1193 2518 1461 2579 congemuit.
1506 2519 1559 2563 In
1593 2517 1771 2578 singulis

399 2595 516 2644 enim
536 2604 578 2639 et
599 2591 694 2656 ipsa
714 2589 979 2655 patiebatur,
1003 2588 1131 2636 sedin
1156 2588 1364 2636 omnibus
1386 2588 1666 2636 vincentibus
1683 2606 1767 2654 pro

440 2709 493 2763 (ι)
514 2714 597 2750 Cod.
614 2713 671 2758 qui
686 2714 785 2758 quod.
