1885 3284
298 282 440 314 sERMo
477 282 633 320 xxxix,
674 284 728 313 DE
767 282 979 313 PASSIONE
1018 283 1183 314 DOMINI
1224 286 1287 314 111.
1392 286 1476 332 199

101 369 116 390 ι
132 348 257 403 jectio
280 346 431 405 plebis¹
450 366 465 387 n
487 347 717 390 videretur.
745 349 862 391 Licet
881 357 1020 390 tamen
1044 347 1179 390 Judaei
1202 365 1327 407 prava
1345 350 1478 391 inton-

101 414 215 458 tione
236 414 318 456 hoc
346 413 550 461 fecerint,
574 413 690 470 prius
714 423 852 456 tamen
876 414 1081 457 Dominus
1104 429 1250 472 magna
1272 416 1480 472 dispeusa-

101 479 215 522 tione
240 479 321 521 hoc
344 477 435 520 fieri
454 478 598 520 voluit.
622 478 714 521 Non
739 479 1000 538 soiumenim
1016 479 1056 520 in
1076 479 1159 521 hoc
1172 481 1480 536 generemortis

101 544 442 602 redemptionem
473 543 608 585 voluit
645 544 887 586 bominibus
927 545 1054 593 dare,
1090 544 1165 586 sed
1189 545 1314 586 etiam
1350 545 1479 586 vitam

101 618 287 654 nostram
310 608 536 651 informare
563 623 573 650 :
598 623 683 650 non
707 610 820 651 enim
851 609 940 651 sine
965 623 1090 651 causa
1121 610 1254 651 voluit
1287 608 1479 668 crucifigi

101 675 242 733 potius
265 689 392 732 quam
408 673 606 731 lapidari,
631 675 693 716 vel
718 675 798 716 alio
815 689 969 732 genere
991 674 1185 731 supplicii
1205 675 1358 732 puniri.

163 741 214 784 ΙΙ.
253 741 380 793 Quod
416 750 462 782 ut
490 755 564 782 nos
603 741 832 783 debeamus
865 741 924 796 (1)
954 741 1216 797 intelligere,
1256 740 1483 798 Apostolus

106 808 233 849 docet
253 821 262 848 :
279 807 518 848 «Exeamus
547 807 597 847 ad
619 821 716 847 eum
739 814 855 848 extra
881 805 1042 848 castra²
1061 821 1070 858 3
1090 824 1103 843 ι»
1132 806 1348 847 videamus
1367 838 1377 853 ‚
1407 806 1484 847 sra-

105 880 211 924 tres,
240 873 454 927 quomodo
476 872 706 913 debeamus
723 872 861 920 exire,
896 887 946 913 ex
966 872 1030 928 (2)
1057 871 1210 927 quibus
1242 872 1408 919 castris,
1445 880 1486 913 et

104 939 220 994 quod
243 937 547 995 improperium
569 946 737 994 portare
764 938 993 980 debeamus
1017 938 1095 993 (5).
1116 937 1330 988 Quamdiu
1349 938 1484 988 enim,

103 1002 278 1052 fratres,
308 1004 384 1045 «Iu
410 1003 492 1045 hoc
515 1006 683 1046 mortali
709 1019 888 1061 corpore
914 1003 1110 1051 vivimus,
1144 1020 1164 1045 a
1187 1004 1275 1045 Deo
1300 1005 1486 1061 peregri-

105 1067 327 1111 »namur³.
345 1087 361 1108 n
387 1068 543 1111 Sumus
565 1069 677 1112 enim
703 1071 743 1111 in
768 1070 831 1111 his
857 1070 1108 1126 corporibus
1122 1070 1239 1125 quasi
1258 1069 1298 1110 in
1316 1070 1482 1118 castris,

105 1134 308 1177 bellantes
331 1142 480 1176 contra
503 1134 764 1191 spiritualem
785 1135 1019 1176 inimicum.
1050 1134 1130 1176 Sed
1152 1135 1192 1176 in
1218 1134 1280 1177 his
1306 1135 1454 1177 castris
1471 1169 1481 1184 ,

103 1200 267 1243 scilicet
289 1199 332 1242 in
361 1214 514 1248 carne,
540 1216 623 1243 non
648 1212 711 1243 est
740 1202 1038 1243 delectandum
1055 1235 1064 1250 ,
1096 1201 1193 1258 quia
1231 1201 1483 1244 «Debitores

105 1280 278 1308 »sumus
321 1280 404 1307 non
435 1266 552 1308 carni
572 1299 582 1315 ,
613 1274 660 1308 ut
693 1267 930 1308 secundum
955 1281 1126 1308 carnem
1149 1266 1364 1314 vivamus,
1389 1266 1487 1324 quia

110 1331 173 1373 »si
201 1332 435 1373 secundum
472 1340 641 1373 carnem
674 1331 888 1380 vixeritis,
922 1330 1200 1373 nioriemini⁴.
1226 1350 1240 1370 n
1280 1332 1489 1374 Exeamus

108 1411 209 1453 ergo
233 1396 283 1438 ab
305 1395 369 1437 his
396 1397 567 1445 castris,
592 1406 637 1438 ut
665 1411 748 1438 non
773 1396 1050 1451 subjiciamur
1062 1397 1194 1438 carni.
1217 1396 1354 1438 Debet
1374 1397 1488 1439 enim

110 1475 208 1503 caro
230 1461 407 1513 servire,
436 1476 519 1503 non
543 1462 773 1518 imperare,
801 1462 898 1517 quia
937 1461 1032 1502 «Vae
1055 1462 1212 1503 civitati
1242 1461 1364 1517 cujus
1399 1477 1485 1504 ser-

109 1541 213 1568 »vus
233 1526 557 1581 dominabitur⁵.
577 1547 592 1564 a
613 1527 824 1584 Castigare
847 1527 974 1584 igitur
999 1542 1169 1568 carnem
1196 1526 1425 1576 debemus,
1448 1536 1490 1569 et

108 1592 150 1634 in
183 1592 426 1634 servitutem
448 1593 662 1649 redigere,
683 1592 724 1634 id
741 1600 803 1633 est
821 1624 830 1640 ,
852 1600 898 1633 ut
916 1591 1067 1633 serviat
1089 1591 1252 1634 animae.
1276 1591 1360 1643 Qui
1387 1607 1488 1650 ergo

109 1658 197 1698 vult
214 1657 273 1698 ire
293 1664 387 1714 post
412 1656 654 1703 Christum,
696 1658 918 1714 «Abneget
944 1657 1218 1714 semetipsum
1235 1655 1267 1704 ⁶,
1284 1676 1298 1694 n
1326 1657 1489 1700 scilicet

109 1722 322 1779 propriam
347 1722 536 1779 corporis
558 1723 835 1764 voluntatem.
870 1722 973 1764 Nam
999 1740 1013 1759 «
1031 1721 1072 1763 Si
1089 1723 1239 1763 oculus
1259 1731 1355 1763 tuus
1373 1737 1491 1764 scan-

110 1805 126 1827 1·
142 1786 291 1829 dalizat
313 1795 374 1834 te,
407 1803 509 1829 erue
531 1803 630 1830 eum
649 1787 660 1808 ⁷
681 1804 721 1835 ;r›
754 1802 838 1829 non
867 1787 1005 1844 gladio
1024 1820 1033 1835 ,
1067 1788 1140 1829 sed
1163 1794 1306 1828 mente
1329 1802 1426 1829 eum
1448 1797 1492 1830 et

112 1851 223 1894 sacto
258 1851 423 1894 sortiter
445 1853 593 1895 claude
615 1886 625 1901 ‚
653 1867 705 1894 ne
727 1867 818 1908 quae
841 1852 995 1908 placita
1027 1860 1125 1893 sunt
1154 1851 1191 1893 ei
1222 1851 1374 1893 videat.
1420 1851 1488 1894 Sic

113 1917 240 1960 etiam
263 1917 510 1959 abscindere
538 1918 671 1975 pedes
700 1918 932 1965 debemus,
957 1932 1011 1958 ne
1037 1917 1300 1963 discurrant,
1326 1925 1368 1958 et
1400 1932 1492 1959 ma-

114 1981 236 2032 nus⁸‚
276 1997 329 2024 ne
348 1982 493 2025 illicita
519 1990 704 2039 tangant.
734 1981 802 2024 Sic
825 1991 868 2024 et
893 1997 1014 2023 aures
1045 1997 1099 2024 ne
1119 1997 1300 2039 nequam
1335 1983 1393 2038 (4)
1418 1998 1493 2024 au-

115 2047 254 2095 diant;
279 2055 321 2089 et
343 2048 403 2090 sic
428 2055 544 2090 extra
568 2056 702 2090 castra
717 2079 726 2096 ‚
751 2047 913 2089 scilicet
936 2055 1052 2089 extra
1084 2062 1256 2089 carnem
1275 2055 1461 2089 nostram
1478 2081 1489 2096 ,

114 2112 338 2157 exibimus.

173 2176 243 2219 ΙΙΙ.
280 2177 529 2220 Audivimus
539 2178 684 2226 modo,
701 2178 867 2226 fratres,
882 2178 1098 2234 quomodo
1117 2176 1347 2219 debeamus
1363 2177 1493 2228 exire,

116 2241 334 2285 audiamus
361 2257 475 2284 nunc
509 2243 724 2299 quomodo
757 2243 986 2285 debeamus
1017 2242 1274 2299 improperia
1308 2250 1489 2299 portare.

117 2307 187 2351 Ait
207 2308 318 2352 enim
348 2307 512 2352 Veritas
535 2309 751 2352 incarnata
780 2324 790 2350 t
817 2327 833 2346 α
853 2310 990 2352 Tollat
1017 2323 1189 2352 crucem
1216 2323 1334 2352 suam
1364 2318 1407 2352 et
1433 2325 1497 2352 se-

167 2426 279 2460 ¹Psal.
300 2438 368 2469 xxi,
395 2439 425 2467 7.
441 2445 484 2451 —
509 2425 524 2449 2
540 2426 642 2461 Hebr.
657 2438 732 2469 xm,
758 2429 810 2460 13.
831 2446 876 2452 —
892 2426 905 2449 ³
927 2440 944 2460 2
965 2431 1039 2460 Cor.
1059 2440 1089 2463 v,
1106 2428 1195 2457 6.-
1215 2423 1323 2459 ⁴Rom
1352 2437 1417 2460 vm.
1440 2438 1477 2458 ω

125 2485 177 2517 13.
198 2502 241 2508 -—
262 2481 276 2506 ⁵
296 2483 399 2515 Eccle.
415 2495 448 2525 x,
470 2484 523 2516 16.
545 2500 590 2508 —
608 2480 623 2504 ⁶
643 2486 717 2515 Luc.
738 2495 784 2524 ix,
805 2487 859 2515 23.
875 2502 916 2509 ——
937 2483 951 2506 ⁷
972 2483 1088 2516 Ma·1b.
1110 2495 1140 2518 v,
1167 2480 1412 2523 29.-—⁸1bid.
1441 2485 1491 2515 30.

166 2557 214 2600 (ι)
235 2557 313 2590 Coj.
329 2558 419 2600 quod
437 2556 531 2588 alind
546 2568 603 2587 nos
619 2557 781 2591 debemus.
802 2575 840 2581 --
870 2555 920 2600 (a)
939 2557 986 2589 Id.
1014 2566 1053 2588 et.
1081 2574 1121 2579 -—
1141 2557 1187 2595 23!
1207 2555 1243 2588 Id
1275 2556 1435 2586 debemus.
1460 2575 1498 2579 —

122 2611 239 2660 (3)1d.
255 2623 295 2644 ne
313 2624 434 2658 nequa.
