1885 3284
218 256 360 287 SERMO
400 257 547 297 Lxxvi‚
589 257 634 286 ΙΝ
666 257 970 289 soszMTATE
1006 257 1138 286 MART.
1184 256 1381 288 ΜΛΟΗΑΒ.
1458 243 1518 290 55

150 320 290 377 mihi,
314 321 483 383 inquit,
509 322 566 366 mi
593 321 682 377 fili,
704 340 806 385 quae
829 334 868 367 te
891 323 932 366 in
961 332 1084 366 utero
1109 338 1203 365 mco
1231 331 1294 366 tot
1308 323 1517 369 mensium

150 392 290 454 spatio
315 392 484 455 portavi
509 412 520 446 3
543 410 596 437 ne
630 410 715 437 uno
749 406 968 438 momento
993 391 1234 437 confundas
1257 403 1520 440 senectutem

150 478 286 507 meam
305 499 315 518 ‚
344 479 396 508 ne
420 462 640 507 decolores
681 473 745 508 tot
780 464 964 509 fratrum
998 473 1173 507 tuorum
1211 462 1439 525 trophaea,
1468 482 1522 509 ne

142 541 318 577 'sacrum
345 549 496 578 eorum
520 534 775 579 comitatum
813 533 1028 596 relinquas
1050 569 1061 587 ‚
1089 550 1143 577 ne
1160 533 1427 578 consortium
1447 534 1518 580 de-

147 617 286 656 seras;
315 603 460 666 aspice
480 640 490 660 ‚
533 603 707 665 inquit,
749 603 835 659 fili,
863 605 906 648 in
933 602 1098 648 coelum
1122 638 1131 657 2
1173 603 1289 648 unde
1314 604 1505 666 spiritun

145 682 187 717 et
210 673 399 718 animam
424 674 629 736 accepisti
651 695 662 728 ς
685 675 828 737 aspice
851 675 896 719 in
920 685 1077 719 terram
1098 709 1108 728 ,
1131 690 1231 735 quae
1254 674 1334 719 tibi
1360 675 1518 720 alimo-

146 743 261 789 niam
277 743 427 789 salutis
445 744 820 798 subministravit;
843 745 988 808 aspice
1010 744 1181 799 fratres,
1200 745 1276 806 qui
1307 745 1514 805 collegam

142 824 398 876 expectant3
418 815 563 876 aspice
581 827 759 861 matrem
775 832 876 879 quae
899 815 981 860 tibi
1003 815 1071 859 lac
1092 831 1171 877 per
1189 815 1423 860 triennium
1450 816 1516 877 (ι)

141 882 276 930 dedit.
309 883 462 929 Redde
486 886 724 930 mercedem
760 886 824 948 pii
854 885 1106 944 sanguinis3
1143 884 1234 930 noli
1259 902 1282 929 a
1308 884 1518 931 fratribus

143 954 330 1016 separari
355 991 366 1010 ‚
390 954 598 1000 hortante
618 957 684 1017 (a)
702 991 712 1009 ‚
743 973 844 1018 quae
865 966 905 1001 te
931 955 1188 1018 parturivit,
1208 966 1345 1000 matre
1363 955 1512 1002 debili.

142 1024 266 1083 Rogo
284 1061 294 1079 ‚
320 1023 383 1069 fili
400 1061 411 1080 ‚
438 1026 700 1088 temporales
719 1026 801 1071 tibi
831 1026 1004 1071 divitias
1027 1025 1248 1088 promittit
1273 1026 1521 1071 Antiochus

141 1111 210 1139 rex
232 1131 244 1151 ,
273 1096 536 1158 temporales
553 1097 760 1153 honores,
783 1096 858 1142 sed
882 1097 1026 1142 omnia
1052 1096 1151 1142 vide
1169 1107 1211 1141 et
1228 1097 1388 1159 proba,
1416 1098 1518 1160 quia

140 1180 250 1210 vana
269 1176 369 1210 sunt
392 1202 402 1221 ,
433 1167 690 1229 temporalia
712 1177 753 1212 et
772 1167 920 1211 inania
937 1202 947 1222 ‚
975 1178 1017 1212 et
1053 1177 1216 1212 aeterna
1254 1183 1342 1212 non
1376 1178 1477 1212 sunt
1501 1187 1513 1221 ;

140 1234 255 1280 solus
280 1236 394 1281 Deus
413 1247 600 1283 aeternus
624 1238 844 1301 promittit
865 1273 876 1290 ‚
903 1237 980 1300 qui
1001 1238 1216 1283 neminem
1235 1237 1426 1300 decipit,
1448 1255 1519 1284 ne-

141 1305 298 1350 minem
319 1305 446 1354 fallit.
478 1307 559 1353 Fili
582 1345 592 1363 ,
616 1308 846 1353 recordare
863 1309 995 1354 verba
1020 1308 1196 1353 Domini
1223 1308 1303 1353 Dei
1323 1309 1385 1353 tui
1406 1346 1416 1364 ‚
1443 1326 1514 1353 re-

139 1376 320 1421 cordare
342 1414 352 1432 ‚
373 1377 555 1441 inquam
579 1416 588 1433 ‚
615 1396 716 1442 quae
735 1378 873 1438 legisti
914 1378 981 1423 vel
1011 1378 1171 1423 audisti
1195 1415 1206 1432 ‚
1254 1378 1362 1441 quid
1398 1379 1515 1424 Deus

138 1446 256 1492 dicat
275 1464 350 1510 per
373 1449 643 1511 Prophetam
670 1467 680 1493 ε
711 1470 731 1490 α
752 1449 929 1494 Vanitas
963 1449 1205 1495 vanitatum
1229 1485 1239 1503 ‚
1265 1451 1411 1493 omnia
1435 1466 1515 1493 va-

139 1516 334 1564 ›2nitas4.
361 1540 380 1559 »
418 1519 457 1564 Ο
491 1519 554 1564 fili
573 1558 583 1574 ,
611 1520 702 1565 noli
742 1519 892 1564 timere
930 1519 1204 1564 Antiochum
1240 1535 1381 1578 regem
1403 1556 1413 1576 ‚
1439 1520 1514 1582 qui

137 1597 263 1633 tuum
277 1604 438 1652 corpus
464 1589 518 1635 ad
540 1600 712 1653 tempus
741 1589 905 1636 occidit
924 1627 933 1643 ‚
961 1589 1034 1634 sed
1057 1590 1159 1634 time
1180 1590 1322 1634 Deum
1355 1600 1477 1634 tuum
1501 1627 1508 1643 ,

136 1659 211 1722 qui
229 1675 392 1722 corpus
408 1670 450 1704 et
467 1661 653 1706 animam
681 1679 783 1706 cum
812 1661 893 1706 tuis
906 1660 1116 1705 fratribus
1133 1659 1516 1707 resuscitabit.Vos

135 1729 284 1792 itaque
319 1730 429 1775 mihi
462 1741 626 1794 septem
660 1731 832 1776 dierum
868 1731 1037 1776 lumina
1072 1731 1188 1775 Deus
1229 1729 1385 1785 dedit,
1423 1734 1512 1790 jam

135 1809 299 1845 sextum
320 1800 433 1846 diem
454 1801 650 1847 conclusi
670 1822 681 1856 3
708 1802 812 1865 quia
833 1812 998 1846 sextum
1021 1801 1144 1846 hunc
1164 1799 1341 1845 fratrem
1366 1801 1433 1863 (3)
1461 1801 1513 1846 ad

136 1871 372 1917 Dominum
394 1873 585 1935 praemisi
611 1910 621 1927 ‚
644 1884 683 1917 et
705 1873 901 1917 omnium
931 1889 1063 1935 opera
1083 1871 1210 1917 valde
1238 1871 1354 1916 hona
1393 1871 1483 1917 vidi
1506 1889 1515 1925 ς

135 1941 266 1986 debes
289 1952 330 1987 et
351 1954 396 1987 tu
416 1980 425 1997 ,
455 1942 515 1988 fili
540 1980 550 1999 ,
581 1954 628 1988 ut
651 1960 752 2006 quae
770 1942 910 1988 inillis
933 1959 999 1987 sex
1022 1941 1220 1986 laboravi
1238 1979 1248 1995 ‚
1276 1942 1320 1986 in
1348 1951 1388 1986 te
1410 1959 1513 2005 sep—

134 2011 240 2056 timo
275 2012 559 2075 requiescam.
606 2014 718 2069 Quia
763 2023 801 2057 et
852 2012 1063 2056 Dominus
1104 2013 1218 2056 Deus
1243 2049 1252 2065 ,
1298 2011 1348 2056 ad
1382 2029 1509 2074 quem

135 2082 310 2127 curritis
330 2094 372 2127 et
395 2082 598 2145 pergitis,
640 2083 824 2146 septimo
863 2082 932 2128 die
971 2083 1188 2144 requievit
1216 2083 1271 2127 ab
1309 2082 1514 2127 omnibus

135 2153 342 2216 operibus
364 2153 467 2208 suis,
501 2164 544 2198 et
569 2170 646 2212 ego
675 2155 941 2216 requiescam
980 2153 1034 2197 ab
1067 2153 1274 2198 omnibus
1304 2152 1512 2214 lacrymis

134 2223 253 2270 meis.
285 2223 493 2283 Taliergo
519 2234 560 2268 et
581 2223 662 2268 isto
691 2236 885 2268 materno
910 2223 1191 2268 hortamento
1221 2224 1286 2283 (4)
1309 2222 1514 2267 admoni-

134 2304 234 2350 tm,
271 2294 460 2358 repletus
494 2293 664 2356 Spiritu
699 2305 849 2338 sancto
875 2330 884 2348 ‚
920 2295 977 2338 ait
1021 2312 1030 2338 :
1071 2294 1254 2349 «Quem
1295 2293 1508 2356 speratis?

136 2386 156 2406 ³>
175 2381 302 2428 quem
328 2365 580 2411 sustinetis?
619 2381 704 2410 non
724 2365 947 2410 consentio
976 2381 1114 2428 neque
1141 2363 1302 2410 obedio
1328 2364 1512 2426 imperio

184 2475 192 2496 ¹
209 2474 307 2508 Eccli.
332 2486 363 2516 1,
387 2486 418 2508 2.

181 2549 231 2592 (1)
250 2548 328 2581 Cod.
350 2550 430 2581 male
454 2549 541 2581 addit
565 2558 698 2591 tempus.
715 2567 756 2574 —
780 2549 827 2591 (9)
854 2548 936 2581 Cod.
954 2557 1064 2582 aetate.
1085 2566 1126 2572 -
1147 2544 1198 2593 (3)
1218 2546 1298 2579 Cod.
1316 2554 1439 2577 sextum
1460 2545 1515 2574 hos

132 2606 262 2639 fratres.
279 2622 325 2628 —
345 2605 394 2649 (4)
413 2607 492 2638 Cod.
515 2614 717 2636 ornamento.
