1885 3284
366 246 509 280 snauo
543 247 655 288 xm,
694 247 749 278 nn
787 247 1001 279 rAssmNE
1037 248 1202 281 nomm
1240 252 1300 283 v1.
1430 237 1521 285 225

158 316 348 375 generis,
375 315 456 357 nisi
482 322 525 354 et
554 322 593 354 tu
623 313 827 354 asc-endas
857 328 984 371 super
1020 327 1219 365 crucem,
1255 325 1300 359 ut
1332 318 1525 362 moriaris

160 382 329 424 ibidem.
373 378 519 422 Stabat
540 393 638 436 ergo
666 386 709 420 ut
726 387 764 419 ec
784 383 875 436 ipsa
905 393 1076 420 crucem
1102 381 1371 430 ascenderet,
1399 382 1431 423 si
1451 397 1526 424 ne-

160 463 274 491 cesse
295 445 458 488 suisset:
475 444 611 486 stabat
626 449 794 485 immota
812 453 1000 486 maceret
1015 444 1169 486 Filium
1187 447 1493 502 deprecabatur
1514 462 1523 488 :

172 514 232 557 «Ο
255 511 353 564 Fili,
380 525 558 567 agnosce
579 524 646 551 me
670 509 864 551 miseram
890 518 1063 551 matrem
1081 543 1090 558 ,
1113 525 1212 552 voca
1238 526 1305 553 me
1327 514 1377 555 ad
1402 521 1456 563 te,
1483 522 1529 561 ut

160 579 306 620 saltem
323 576 457 618 valcat
478 582 612 616 mater
625 571 776 616 Filium
791 574 973 616 oseulari
987 574 1208 617 moriendo.
1227 575 1387 618 Obone
1407 575 1526 626 Jesu,

160 657 185 685 o
208 641 420 686 Nazarene
452 640 548 681 Jesu
565 672 575 687 ,
601 654 678 681 cur
710 654 792 681 non
818 639 1026 697 permittis
1054 648 1231 682 matrem
1256 649 1371 683 tuam
1406 642 1531 684 simul

162 716 304 750 tecum
335 703 562 762 cruciligi?
597 704 683 746 Cur
706 705 912 762 permittis
943 714 1118 747 matrem
1142 713 1257 747 tuam
1281 707 1418 749 vivere
1439 716 1534 765 post

162 781 342 815 mortem
365 770 488 814 Filii?
518 770 630 812 Jube
646 803 657 819 ‚
682 770 860 813 Domine
876 803 886 819 ,
910 779 957 812 ut
980 770 1020 812 in
1052 779 1094 813 te
1117 771 1352 829 requiescat
1372 781 1532 822 materfi

163 838 263 896 jube
278 837 509 878 attollatur
525 843 673 883 mater,
697 844 740 878 et
762 843 809 878 ut
831 835 1066 892 requiescat
1083 851 1179 878 cum
1192 836 1314 880 Filio.
1331 837 1423 881 Noli
1435 852 1535 896 ergo

163 916 338 960 parcere
358 901 499 944 matri.
524 919 538 938 u

222 966 312 1010 Vll.
349 966 512 1009 Deinde
535 965 590 1008 ait
613 966 830 1023 Discipulo
848 982 858 1009 :
875 986 889 1005 a
907 967 1018 1009 Ecce
1036 975 1169 1009 mater
1185 966 1295 1011 tua¹.
1310 986 1325 1007 n
1339 968 1376 1011 Ο
1394 978 1537 1012 sancte

163 1030 373 1080 Joannes‚
399 1031 539 1088 aspice
561 1031 663 1087 quid
687 1031 862 1088 recipis,
894 1032 1112 1074 considera
1143 1032 1244 1089 quid
1275 1033 1408 1084 tollis,
1450 1034 1534 1075 ani-

166 1099 382 1140 madverte
403 1097 505 1154 quid
530 1097 810 1154 amplecteris.
845 1096 951 1139 Nam
983 1097 1016 1139 si
1043 1097 1193 1153 aspicis
1224 1099 1339 1154 quod
1360 1099 1511 1156 recipis
1528 1132 1538 1150 ,

166 1163 267 1219 quid
289 1162 402 1206 aliud
424 1162 610 1204 invenies
635 1161 841 1218 recepisse
865 1177 988 1217 quam
1013 1162 1188 1204 Matrem
1212 1162 1314 1211 Dei,
1339 1178 1418 1219 qua
1440 1163 1547 1205 nihil

167 1227 358 1276 charius,
386 1241 465 1283 qua
484 1226 590 1268 nihil
612 1226 797 1273 dulcius,
821 1241 901 1282 qua
920 1225 1028 1268 nihil
1048 1227 1236 1269 sanctius
1261 1228 1441 1270 inveniri
1463 1243 1543 1285 po·-

168 1291 275 1334 test?
294 1292 451 1348 Recipe
473 1305 572 1348 ergo
589 1291 767 1333 Matrem
784 1291 889 1338 Dei,
914 1300 959 1333 ut
976 1307 1073 1332 vere
1099 1292 1152 1334 sis
1185 1291 1294 1334 filius
1316 1293 1405 1336 Dei.
1436 1293 1547 1336 Con-

169 1358 327 1408 sidera,
353 1371 377 1397 ο
405 1364 549 1398 sancte
585 1355 798 1403 Joannes,
837 1356 939 1412 quid
973 1357 1082 1399 tollis
1105 1363 1165 1413 (1)
1186 1390 1197 1406 ‚
1225 1359 1276 1399 de
1296 1373 1377 1415 qua
1402 1373 1548 1401 curam

169 1422 278 1478 geris
296 1454 305 1469 ,
329 1436 405 1478 pro
433 1436 516 1477 quo
540 1420 615 1477 ipsi
642 1422 703 1475 (2)
733 1420 857 1463 daris.
890 1421 927 1463 O
952 1429 1096 1463 sancte
1120 1421 1332 1476 Joannes,
1353 1423 1548 1466 animad-

169 1495 285 1530 verte
300 1519 311 1535 ,
338 1494 379 1528 et
401 1500 498 1528 cum
521 1494 705 1527 tremore
736 1486 907 1528 Mariam
931 1486 1127 1543 amplecti
1148 1487 1321 1536 festina,
1360 1489 1548 1547 reginam

169 1551 377 1599 Paradisi,
413 1552 569 1593 scalam
603 1551 806 1593 virtutum
824 1583 834 1599 ,
875 1551 1133 1608 Angelorum
1171 1553 1385 1595 dominam
1400 1587 1412 1603 ‚
1452 1552 1549 1596 fidei

171 1619 509 1660 fundamentum.
538 1617 652 1670 Quid
683 1617 835 1674 recipis
850 1649 860 1665 ‚
886 1632 910 1658 o
934 1626 1077 1660 sancte
1098 1617 1283 1662 Joannes
1299 1618 1317 1661 P
1335 1619 1461 1671 Quod
1482 1621 1551 1662 ‹10-

171 1697 272 1725 num
285 1716 296 1731 ,
313 1681 428 1738 quod
446 1691 756 1723 sacramentum
770 1714 780 1730 ‚
795 1682 910 1737 quod
928 1682 1174 1739 mysterium
1194 1683 1406 1726 mirabile!
1428 1684 1550 1727 Petro

174 1748 297 1791 datur
308 1746 495 1789 Ecclesia
512 1779 522 1793 ‚
550 1745 624 1788 tibi
646 1761 745 1787 vero
763 1756 899 1789 mater
925 1746 1151 1796 Ecclesiae3
1178 1748 1235 1790 illi
1258 1750 1382 1791 datur
1403 1750 1548 1799 labor,

173 1813 252 1855 tibi
269 1811 525 1868 requieszilli
546 1812 799 1853 conceditur
817 1819 1089 1867 peccatorum
1119 1813 1333 1866 remissio,
1353 1813 1430 1855 tibi
1453 1829 1551 1855 vero

175 1880 318 1937 ignara
342 1878 454 1920 omni
480 1886 669 1934 peccato.
704 1876 740 1918 Ο
772 1885 915 1918 sancte
937 1876 1150 1931 «loannes,
1188 1879 1442 1935 amplectere
1464 1880 1550 1922 Ma-

176 1954 282 1987 trem
316 1944 390 1985 Dei
427 1943 540 1985 omni
574 1942 830 1990 reverentia,
867 1943 981 1984 omni
1007 1943 1253 1993 sanctitate,
1287 1945 1402 1985 omni
1427 1945 1552 1987 clari-

176 2018 260 2052 tate
283 2010 450 2066 plenam
475 2008 562 2064 (5);
597 2015 638 2049 et
662 2022 738 2064 pro
762 2007 1008 2067 qnolMariae
1032 2009 1152 2049 datus
1176 2008 1229 2050 sis
1256 2009 1409 2064 aspice.
1445 2009 1550 2052 Nam

178 2075 356 2118 traditur
378 2073 515 2116 Mariae
539 2086 615 2130 pro
631 2071 732 2114 Jesu
748 2071 956 2121 Joannes,
981 2087 1124 2114 servus
1145 2088 1222 2129 pro
1241 2073 1436 2121 domino,
1464 2073 1553 2115 dis-

177 2141 342 2198 cipulus
364 2153 440 2197 pro
460 2138 684 2194 magistro,
718 2137 846 2179 homo
873 2152 951 2194 pro
973 2137 1086 2186 Deo,
1120 2137 1230 2179 filius
1253 2137 1448 2181 Zebedaei
1476 2154 1550 2195 pro

177 2206 284 2249 Filio
301 2205 376 2247 Dei
405 2205 463 2261 (Δ.)
481 2237 490 2251 ,
516 2203 698 2259 piscator
719 2218 795 2259 pro
819 2218 935 2260 rege,
963 2212 1154 2245 creatura
1176 2218 1251 2260 pro
1271 2203 1483 2246 Creatore.

240 2270 347 2314 VIII.
383 2271 480 2312 Post
504 2271 593 2310 hacc
617 2276 756 2310 autem
779 2268 900 2310 Jesus
916 2301 927 2317 ,
965 2269 1114 2310 emissa
1138 2284 1241 2311 voce
1273 2278 1315 2311 et
1350 2269 1552 2312 inclinato

181 2337 346 2395 capite,
375 2336 487 2378 circa
511 2334 661 2376 horam
680 2349 834 2376 nonam
865 2335 922 2391 (5)
948 2334 1087 2376 emisit
1105 2334 1340 2392 spiritum².
1369 2335 1422 2377 Et
1451 2336 1551 2378 dum

231 2423 240 2445 ¹
262 2424 359 2456 Joan.
375 2432 442 2462 xlx,
464 2431 517 2460 27.
533 2437 579 2444 --
597 2418 612 2441 ²
632 2419 869 2456 Maul1.xxv11,
885 2421 928 2456 46
945 2425 976 2451 et
994 2431 1081 2463 seqq.

229 2486 279 2532 (1)
302 2489 395 2519 Deest
415 2486 501 2517 collis
526 2485 558 2518 in
584 2485 655 2518 cod.
670 2497 678 2524 ;
696 2490 727 2516 et
746 2484 862 2516 deinde
879 2484 975 2517 habet
998 2486 1038 2515 de
1057 2496 1131 2527 quo.
1145 2501 1190 2509 ——
1212 2483 1263 2529 (2)
1280 2483 1361 2518 Cod.
1379 2482 1449 2522 sibi,
1464 2489 1496 2516 et
1513 2483 1558 2515 sic

189 2543 362 2586 deinceps,
382 2542 437 2574 ubi
460 2542 498 2574 de
525 2545 633 2574 Petro.
657 2561 696 2566 —
727 2540 777 2585 (3)
804 2540 852 2573 Id.
879 2541 995 2582 plena.
1017 2537 1217 2584 —(4)Vide
1232 2542 1264 2572 S.
1278 2540 1436 2573 Bernard.
1454 2540 1494 2572 de
1517 2549 1555 2570 ια

184 2602 280 2632 Praer.
301 2600 399 2631 B.M.
423 2608 456 2631 n.
484 2599 534 2629 15.
550 2615 593 2621 -
611 2596 660 2641 (5)
679 2597 760 2631 Cod.
782 2607 890 2629 nonae.

350 2668 485 2701 exul
510 2653 593 2698 bis.
1342 2650 1395 2695 15
