1885 3284
123 396 265 427 SERMO
291 395 394 436 XCV,
432 395 487 426 DE
526 395 901 429 RECONCILIANDIS
939 395 1287 427 POENITENTIBUS
1324 397 1356 427 1.
1405 399 1490 446 119

120 462 185 508 nis
204 461 421 525 peccatis;
440 477 520 507 nec
532 461 705 526 penitus
722 462 869 509 alienis
885 499 896 517 ,
924 461 1028 526 quia
1045 461 1090 506 in
1117 477 1204 506 uno
1225 478 1408 525 corpore
1448 474 1489 509 et

121 533 203 578 sub
218 549 304 578 uno
323 532 466 595 capite
481 533 749 595 patientibus
779 532 1045 597 quibusdam
1071 533 1277 578 memhris
1315 549 1493 596 compa-

121 602 304 650 tiuntur.
329 603 382 648 In
409 602 566 666 spiritu
591 603 704 649 enim
725 604 912 649 lenitatis
938 602 1195 659 intendunt,
1236 621 1290 649 ne
1324 614 1364 649 et
1408 605 1493 668 ipsi

120 684 353 720 tententur.
376 675 489 720 Nam
510 675 734 738 quomodo
757 693 846 721 non
872 674 1034 721 debent
1057 674 1159 720 flere
1176 691 1258 738 pro
1280 675 1491 721 fratribus

119 745 251 809 lapsis
274 756 403 808 atque
427 746 667 804 conversis,
696 764 804 812 quos
827 764 948 793 orare
972 746 1175 792 Christus
1192 745 1345 791 docuit
1363 747 1492 792 etiam

119 833 202 880 pro
220 833 423 864 inimicis.

185 888 269 934 III.
314 888 481 934 Horum
500 899 548 934 tu
568 890 762 936 omnium
780 890 962 951 gemitus
983 889 1139 950 adjuva
1158 927 1168 945 ,
1199 889 1359 935 additis
1379 889 1462 935 tuis
1480 925 1490 945 ‚

119 969 163 1004 et
186 958 339 1005 merita
364 969 436 1005 tua
456 959 583 1020 longe
611 963 774 1023 majora
796 999 807 1017 ‚
833 973 1041 1025 tanquam
1062 976 1192 1007 canos
1214 960 1369 1006 mentis
1384 970 1489 1014 tuae,

119 1043 345 1095 prosterne
362 1050 443 1096 pro
459 1032 560 1078 filiis
582 1033 666 1078 tuis
687 1045 784 1079 ante
801 1035 956 1080 faciem
976 1035 1057 1080 Dei
1076 1035 1155 1080 tui.
1189 1034 1283 1080 Hac
1307 1034 1493 1079 humili-

120 1113 206 1149 tate
231 1103 356 1149 altior
382 1104 463 1149 eris
479 1140 490 1159 ‚
519 1103 605 1150 hoc
621 1104 771 1151 dolore
793 1106 1011 1152 laetaberis
1031 1143 1041 1161 ‚
1069 1106 1153 1151 hac
1176 1105 1381 1151 servitute
1400 1123 1492 1165 reg-

118 1174 258 1220 nabis.
294 1176 440 1221 Bonus
462 1192 505 1220 es
521 1175 631 1221 odor
657 1176 822 1222 Christi
843 1197 855 1231 3
879 1177 1056 1222 admoto
1084 1177 1182 1236 igne
1208 1177 1381 1240 pietatis
1397 1214 1408 1232 ‚
1437 1175 1492 1221 ad

116 1248 453 1312 propitiandum
470 1250 608 1295 Deum
626 1250 774 1310 flagra.
802 1252 888 1296 Pro
904 1251 1065 1296 miseris
1080 1287 1090 1307 ‚
1113 1250 1385 1296 misericodia
1403 1249 1495 1312 ple-

118 1336 227 1364 num
247 1330 399 1381 pectus
425 1320 470 1365 in
503 1338 619 1366 aram
645 1321 872 1367 charitatis
892 1322 1084 1385 impone.
1122 1321 1232 1367 Sede
1255 1321 1494 1384 apostolica

118 1390 379 1436 sublimatus
395 1408 461 1446 es3
477 1391 681 1452 hijacent
699 1392 851 1456 lapsu,
877 1393 1091 1439 descende
1114 1404 1161 1438 tu
1185 1393 1355 1439 affectu.
1383 1392 1493 1437 lmi-

117 1471 209 1507 tare
228 1463 402 1507 Patrem
422 1499 432 1517 ‚
461 1466 585 1522 cujus
605 1463 807 1509 voluntas
823 1475 910 1520 est,
941 1475 988 1510 ut
1016 1481 1103 1509 non
1130 1473 1278 1527 pereat
1304 1480 1416 1509 unus
1439 1462 1492 1507 de

117 1532 286 1595 pusillis
309 1531 445 1580 istis1.
464 1533 687 1584 ›>‚.Imitare
708 1533 888 1591 Filium,
910 1535 983 1598 qui
1008 1571 1019 1590 ,
1048 1551 1149 1580 cum
1169 1534 1214 1579 in
1244 1532 1384 1579 forma
1411 1532 1492 1578 Dei

116 1615 248 1659 esset,
285 1603 474 1650 formam
509 1605 619 1651 servi
645 1605 865 1668 accepist,
903 1606 1076 1652 veniens
1098 1605 1342 1650 ministrare
1365 1641 1374 1659 ‚
1405 1621 1493 1649 non

115 1673 394 1721 ministrari?
442 1674 620 1720 Imitare
655 1676 869 1737 Spiritum
897 1687 1096 1722 sanctum
1116 1714 1125 1731 ‚
1149 1677 1225 1739 qui
1253 1674 1493 1721 secundum

117 1747 257 1791 Deum
281 1745 532 1808 interpellat
549 1763 631 1809 pro
656 1747 874 1794 Sanctis&
905 1748 1003 1810 Ipse
1027 1747 1140 1793 enim
1170 1758 1209 1792 et
1240 1757 1278 1791 te
1299 1763 1379 1809 pro
1404 1745 1494 1791 istis

115 1818 272 1863 excitat
293 1817 570 1880 supplicare,
600 1835 679 1881 per
696 1835 825 1881 quem
855 1819 1044 1864 charitas
1077 1819 1120 1863 in
1152 1829 1226 1864 tuo
1250 1817 1382 1863 corde
1401 1817 1491 1862 dif-

113 1887 209 1933 fusa
229 1898 306 1934 est.
332 1888 451 1933 Offer
474 1888 822 1934 reconciliandos
837 1888 1063 1934 redeuntes
1089 1927 1098 1943 ‚
1130 1906 1241 1952 quos
1260 1888 1494 1934 revocabas

115 1971 330 2013 errantes;
356 1976 430 2005 ora
449 1977 530 2022 pro
554 1959 760 2013 inventis,
779 1977 888 2024 quos
904 1960 1098 2024 perditos
1122 1960 1388 2024 inquirebas.
1411 1961 1494 2005 Re-

115 2031 322 2092 fugiendo
351 2048 495 2077 veram
526 2032 659 2077 vitam
679 2069 690 2088 ,
731 2033 776 2077 in
801 2033 992 2095 peccatis
1015 2033 1101 2078 suis
1126 2069 1136 2085 ‚
1164 2031 1301 2095 portis
1326 2048 1466 2094 appro
1483 2059 1493 2066 ·

114 2104 441 2167 pinquaverunt
458 2102 696 2149 inferorum
717 2141 728 2159 ,
760 2105 836 2167 qui
864 2105 932 2166 (ι)
955 2121 1041 2149 non
1062 2104 1247 2148 vincunt
1270 2107 1396 2162 cujus
1415 2120 1493 2148 ca-

116 2175 320 2221 thedram
345 2183 472 2220 tenes.
500 2175 713 2220 Lazarum
735 2176 950 2221 Dominus
975 2173 1148 2237 lapidea
1168 2173 1355 2237 sepulcri
1384 2173 1494 2219 mole

117 2256 400 2309 coopertum,
431 2245 783 2308 etquatriduano
803 2246 1109 2305 cadaverejam
1129 2244 1349 2291 foetentem
1380 2245 1496 2290 exci-

118 2319 228 2364 tavit
248 2335 272 2363 a
299 2317 482 2363 mortuis
500 2354 510 2372 ‚
533 2327 575 2362 et
600 2335 756 2379 magna
780 2336 886 2364 voce
911 2317 1116 2382 produxit
1143 2334 1165 2362 e
1188 2316 1357 2362 tumulo
1373 2315 1406 2363 5.
1443 2319 1496 2361 At

118 2388 190 2435 ille
204 2392 296 2449 jam
312 2387 492 2452 quidem
507 2424 518 2443 ,
540 2392 632 2448 jam
653 2389 778 2435 vivus
797 2427 807 2444 ‚
841 2388 914 2435 sed
940 2389 1088 2434 adhuc
1107 2387 1295 2432 funereis
1312 2386 1497 2432 vinculis

123 2458 321 2520 alligatus
342 2495 353 2516 ,
402 2459 600 2506 nondum
648 2460 888 2507 viventium
930 2459 1150 2506 consortio
1188 2457 1457 2507 reddebatur
1482 2475 1494 2503 ε

172 2587 182 2612 ¹
203 2587 433 2627 Matih.xv1n,
455 2594 507 2626 14.
529 2605 574 2612 —·-
592 2586 607 2610 2
632 2587 751 2631 Philip.
771 2600 809 2631 u,
825 2589 859 2629 6,
881 2599 911 2625 7,
931 2604 978 2611 =—-
994 2583 1009 2608 ³
1027 2585 1147 2619 Manli.
1167 2595 1221 2623 xx,
1241 2585 1294 2617 28·
1312 2600 1357 2609 ⁶·-
1377 2581 1390 2605 4
1407 2586 1485 2618 Rflm

127 2654 197 2682 vm,
217 2645 275 2683 34.
294 2662 335 2670 -2
354 2642 369 2668 5
384 2646 480 2679 Joan.
496 2655 542 2683 Χῖ,
560 2655 589 2684 x,
605 2650 634 2677 et
652 2654 743 2692 seqq,

173 2726 222 2781 (ι)
237 2728 319 2767 Cod.
339 2737 451 2775 quam.
