1885 3284
291 324 435 355 sannio
475 323 554 364 Lu,
595 324 640 354 IN
678 324 842 355 DIEBUS
882 324 1185 356 PAscuALlssus
1222 326 1272 355 11.
1383 315 1472 376 ’273

95 409 170 450 per
192 390 435 434 cathedram
458 389 590 446 Moysi
604 390 750 432 sedere
764 391 1092 446 conspicimur¹‚
1108 407 1255 434 cavere
1271 392 1473 438 debemus

96 468 137 502 et
157 457 377 514 vigilanter
400 456 637 503 attendere,
653 471 706 497 ne
729 456 838 498 sicut
860 456 1056 498 Pharisaei
1092 457 1132 498 in
1171 457 1369 501 cathedra
1407 476 1471 502 se-

98 525 280 566 deamus.
301 521 421 563 Tales
442 519 553 562 enim
574 520 793 570 dicebant,
820 523 891 564 sed
917 536 1000 563 non
1022 521 1255 574 faciebant,
1283 524 1475 582 impono-

94 591 197 632 bant
217 602 342 630 onera
367 586 507 643 gravia
524 586 781 643 poenitentiae
801 587 910 635 aliis,
933 589 1005 630 sed
1018 589 1220 631 nolebant
1244 590 1373 648 digito
1396 607 1473 633 sno

94 652 304 698 movere².
325 653 445 694 Tales
469 653 581 694 enim
602 654 726 709 pleno
753 661 899 695 ventre
918 653 969 695 de
990 653 1151 710 jejunio
1168 655 1312 712 utiquc
1335 657 1456 714 dispu

96 729 201 763 tant.
224 719 296 762 Isti
321 725 422 759 sunt
443 725 485 759 et
508 718 610 760 tales
623 719 811 775 undique
830 720 1359 779 modernipastores,tales
1377 733 1473 766 sunt

94 783 328 845 presbyteri
351 791 392 826 et
404 783 700 840 praedicatores
715 817 725 833 ,
750 784 822 841 qui
854 784 1017 827 fecibus
1035 793 1312 844 peccatorum
1340 790 1471 845 pleni.

94 855 146 895 de
160 851 351 894 castitate
369 849 584 905 disputare
603 862 889 906 praesumuntg
910 851 1157 910 impinguati
1177 854 1471 912 eleemosynis,

88 917 352 975 jejuniorum
384 928 510 955 onera
543 915 794 970 praedicanu
820 917 956 958 ornati
989 932 1128 974 panno
1146 950 1156 966 ,
1184 933 1269 960 uno
1293 934 1477 977 pauper-

94 991 221 1025 tatem
258 995 330 1022 ore
361 979 632 1027 collaudant;
664 981 878 1038 marsupia
922 983 1045 1038 plena
1086 992 1326 1039 portantes,
1375 1000 1474 1042 pau·

92 1054 299 1107 pertatem
323 1046 436 1087 velut
458 1046 595 1087 lutum
619 1048 888 1089 conculeant.
914 1047 1026 1090 Nihit
1052 1049 1163 1090 enim
1181 1082 1192 1099 ‚
1224 1053 1338 1106 quod
1357 1053 1473 1093 carni

91 1115 319 1156 molestum
361 1111 439 1158 sit,
478 1119 650 1168 tangere
679 1114 852 1160 volunt;
895 1113 1000 1155 nihil
1034 1114 1180 1156 audire
1198 1149 1206 1164 ,
1246 1115 1325 1157 nisi
1361 1120 1474 1172 quod

91 1180 257 1237 placeat
281 1194 292 1225 ;
329 1176 434 1219 nihil
471 1185 662 1233 portare,
709 1177 786 1218 nisi
830 1177 943 1234 quod
987 1179 1146 1221 bonum
1196 1191 1395 1237 appareat
1432 1183 1474 1224 in

93 1252 331 1301 conspectu
365 1257 455 1284 suo.
491 1241 585 1285 Non
609 1243 668 1284 sic
706 1243 919 1292 Christus,
959 1259 1043 1286 non
1079 1245 1138 1286 sic
1179 1260 1188 1286 ε
1228 1247 1302 1288 sed
1334 1248 1473 1304 primo

94 1311 232 1352 facere
276 1308 429 1357 voluit,
467 1315 611 1364 postea
638 1309 804 1351 docere,
843 1309 1057 1366 Numquid
1094 1326 1178 1352 non
1208 1311 1271 1368 (ι)
1301 1321 1342 1354 et
1364 1314 1474 1370 prin-

92 1376 206 1433 cipes
249 1374 379 1416 nostri
406 1373 621 1422 «Romani,
664 1374 735 1430 qni
773 1390 920 1417 norma
963 1376 1160 1417 bonitatis
1212 1387 1253 1419 et
1302 1377 1473 1433 justitiae

90 1456 180 1483 esse
201 1448 510 1483 consueverant
535 1439 577 1481 in
600 1441 728 1488 orbe,
757 1441 838 1482 hoc
859 1442 970 1483 idem
1001 1442 1139 1483 facere
1157 1444 1320 1485 cunctis
1347 1443 1471 1500 jube-

89 1507 215 1557 bant,
240 1514 283 1548 et
303 1505 429 1562 primi
451 1520 618 1562 semper
638 1520 727 1547 esse
752 1508 950 1549 volebant
966 1506 982 1548 Ξ)
1001 1506 1085 1549 Sed
1103 1523 1177 1550 nos
1201 1508 1356 1552 Christi
1372 1511 1471 1552 imi-

90 1580 245 1615 tatores
268 1571 406 1613 facere
427 1571 587 1612 bonum
613 1586 632 1612 a
657 1571 779 1614 nobis
805 1580 967 1614 tantum
996 1588 1197 1630 corpore,
1221 1589 1320 1616 aure
1346 1577 1469 1618 andi-

61 1670 65 1672 *
89 1638 224 1680 vimus
249 1638 329 1693 (2),
351 1645 393 1679 et
411 1651 483 1677 ore
507 1637 738 1693 praedicare
761 1636 961 1679 desistere
987 1653 1070 1679 non
1093 1640 1292 1682 valemus.
1323 1640 1359 1683 Ο
1382 1659 1470 1699 pas-

89 1712 226 1750 tores,
261 1717 346 1744 non
371 1701 455 1757 jam
479 1709 688 1758 pastoreS,
718 1702 846 1744 vineae
878 1702 1063 1745 Sabaoth
1088 1704 1243 1747 Christi
1266 1709 1468 1763 sanguine

89 1767 250 1826 irrigati
278 1767 363 1824 (5ss
406 1766 442 1808 O
469 1766 654 1823 praelati,
690 1768 802 1809 velut
840 1768 1051 1817 haeretici‚
1086 1771 1271 1826 gladios,
1307 1771 1432 1814 falces
1454 1807 1463 1822 ,

89 1849 247 1876 cornua
271 1833 419 1874 subtus
452 1833 693 1889 portantes!
719 1833 755 1874 O
791 1833 1044 1876 «Genimina
1068 1836 1304 1891 viperarum
1330 1870 1340 1886 ,
1373 1840 1465 1894 quis

88 1919 103 1939 »
118 1900 235 1942 vobis
251 1898 558 1941 demonstrabit
577 1898 720 1956 fugere
736 1915 754 1940 a
770 1909 942 1941 ventura
956 1900 1029 1942 ira³
1048 1901 1089 1941 P»
1104 1902 1141 1943 O
1161 1902 1315 1945 Christi
1334 1904 1463 1946 vinem.

87 1967 271 2008 cultores
290 1997 299 2012 ‚
322 1979 372 2006 an
395 1963 596 2021 ignoratis
653 1965 767 2020 quod
790 1980 916 2022 opera
945 1976 1078 2007 vestra
1103 1967 1258 2009 debent
1276 1983 1365 2010 esse
1383 1970 1463 2025 jus-

89 2031 219 2074 iitiae?
243 2030 335 2073 Non
371 2037 418 2072 ut
447 2029 612 2072 vineam
631 2029 827 2072 Ecclesiae
850 2031 1112 2074 vindemietis
1131 2066 1141 2081 ‚
1171 2048 1255 2075 non
1288 2043 1334 2079 ut
1365 2035 1464 2080 inde

87 2097 250 2139 divitias
269 2095 494 2151 acquiratis
510 2128 520 2144 ,
543 2110 628 2137 non
648 2105 692 2137 ut
710 2097 984 2139 substantiam
997 2096 1181 2140 filiorum
1204 2103 1458 2149 comedatis:

87 2162 160 2204 sed
182 2163 295 2205 velut
317 2160 490 2217 perfecti
514 2170 651 2218 patres
675 2170 716 2203 et
739 2162 924 2204 cultores
945 2194 954 2210 .
982 2165 1112 2205 malos
1142 2165 1358 2221 deponatis
1378 2200 1388 2215 ,
1420 2178 1461 2210 et

85 2228 218 2270 honos
228 2227 356 2268 vineae
367 2227 595 2283 operarios,
606 2227 929 2284 velutpupillam
943 2230 1182 2277 oculorum,
1195 2232 1451 2275 custodiatis.

145 2293 194 2337 V.
233 2293 496 2342 conducite,
528 2307 599 2335 vos
620 2293 691 2349 qui
714 2295 901 2351 praeestis
917 2327 926 2342 ,
946 2294 1084 2337 honos
1106 2297 1319 2353 operarios
1337 2298 1378 2340 in
1399 2299 1458 2340 vi-

131 2385 275 2419 ¹Mauh.
298 2396 389 2425 xxm,
407 2397 424 2416 2
452 2384 522 2409 -2
540 2385 624 2417 Ibid.
642 2388 672 2425 3,
693 2392 727 2424 4.
751 2405 792 2411 --
807 2384 822 2410 3
839 2390 917 2420 Luc.
939 2398 990 2431 111,
1011 2401 1041 2429 7.

131 2459 179 2504 (1)
209 2463 306 2492 Deest
331 2471 395 2491 ιιοιι
423 2460 454 2491 in
484 2460 558 2494 cod.
586 2478 630 2484 --
649 2459 697 2504 (2)
714 2461 763 2493 sic
783 2461 871 2504 cod.,
902 2461 935 2493 in
959 2473 1022 2505 quo
1046 2463 1137 2506 plura
1157 2463 1285 2504 deesse,
1307 2472 1362 2498 aut
1379 2467 1461 2498 male

85 2517 178 2548 fuisse
191 2516 370 2559 conscripta
392 2516 553 2548 videntur.
570 2518 664 2548 Forte
680 2517 868 2557 tegendum:
890 2520 955 2549 Sed
974 2531 1031 2550 nos
1046 2544 1053 2558 ‚
1076 2522 1192 2552 Christi
1211 2522 1408 2559 imitatores,
1428 2523 1458 2554 isi

84 2578 153 2610 est,
173 2572 228 2614 qui
249 2572 409 2604 Christum
428 2573 547 2604 imitari
565 2573 732 2612 dehemus,
753 2574 869 2613 facere
887 2576 1001 2607 bonum
1030 2577 1219 2620 negligimus
1233 2603 1240 2617 ,
1259 2579 1375 2610 docere
1395 2592 1458 2610 non

83 2641 265 2668 cessamus3
284 2630 319 2659 id
334 2641 392 2659 nos
410 2629 552 2671 corporis
576 2641 654 2660 aare
677 2630 858 2662 audivimus
905 2640 938 2663 et
955 2644 1009 2664 ore
1027 2634 1208 2678 predicare
1229 2635 1381 2668 desistere
1398 2648 1461 2667 Ιιωι

84 2685 251 2720 valemus.
267 2703 314 2710 --
329 2683 381 2728 (3)
401 2685 481 2719 Cod.
505 2685 662 2727 irrigatae.

244 2756 377 2789 cxxx1
403 2739 486 2787 bis.
1244 2743 1299 2790 18
