1885 3284
262 333 355 390 248
531 350 565 378 s.
610 348 852 377 Aucusruxi
891 346 1095 376 EPISCOPI
1131 346 1368 379 APPENDIX.

262 429 333 471 gas
357 414 518 469 (1)haec
541 414 682 455 omnia
702 413 855 455 dicere.
874 412 1052 454 Peccata
1088 420 1155 453 tua
1180 412 1395 463 confiteri,
1423 413 1600 456 obsecro
1622 448 1630 461 ‚

261 495 314 522 ne
341 480 524 537 graveris
541 513 551 528 ‚
578 480 673 536 quia
711 494 812 521 ecce
851 478 933 533 jam
976 487 1140 534 tempus
1176 479 1370 520 amissum
1407 494 1633 536 recuperas

259 546 502 587 coufitendo
535 553 774 602 peccatum.
814 544 946 586 Ovem
979 543 1183 601 perditam
1211 544 1294 599 jam
1328 543 1520 587 invenisti
1545 545 1632 601 (2),

259 613 464 653 coelorum
484 611 583 653 civis
605 611 689 668 jam
720 610 867 651 sactus.
896 610 1007 651 Deus
1032 610 1102 666 qui
1128 618 1166 652 te
1189 609 1390 666 sanguine
1425 625 1499 651 suo
1537 626 1636 667 pre-

256 676 362 717 tioso
388 675 591 724 redemit,
626 675 727 717 licet
764 673 949 716 offensus
974 673 1100 716 fuerit
1121 690 1195 731 per
1227 683 1267 716 te
1284 707 1294 723 ‚
1330 683 1471 717 tamen
1497 676 1634 718 adhuc

262 742 398 799 pulsat
423 742 474 782 ad
495 749 560 790 te,
588 741 726 783 adhuc
752 741 990 797 interpellat
1018 741 1069 782 ad
1092 741 1256 783 Patrem
1280 755 1355 797 pro
1391 749 1432 782 te
1449 774 1459 790 ‚
1497 741 1635 784 adhuc

262 807 382 849 valde
405 807 541 863 diligit
562 815 626 855 te,
653 805 791 847 adhuc
810 805 1022 848 desiderat
1042 813 1098 847 te.
1123 805 1232 847 Cave
1256 806 1382 862 igitur
1403 814 1445 848 et
1467 806 1637 862 vigilan-

264 881 326 913 ter
348 873 540 919 attende,
567 886 620 913 ne
643 870 808 912 diffidas
832 871 882 912 ab
909 885 972 912 eo.
1011 871 1121 912 Ecce
1137 871 1222 928 jain
1255 871 1427 913 brachia
1448 872 1638 913 extendit

264 937 315 980 ad
339 946 377 979 te
395 970 404 986 ‚
426 938 508 993 jam
529 945 656 994 caput
679 937 855 979 inclinat
877 938 928 978 ad
952 942 1018 991 te,
1047 937 1129 993 jam
1166 952 1316 979 manus
1345 938 1575 994 perforatas
1597 945 1640 980 et

265 1004 392 1060 pedes
413 1012 455 1045 ct
471 1004 578 1044 latus
596 1002 723 1044 habet
744 1017 821 1060 pro
839 1011 881 1045 te
901 1019 912 1051 3
938 1004 1069 1044 multa
1097 1003 1208 1045 enim
1230 1019 1373 1060 passus
1396 1012 1458 1045 est
1484 1018 1559 1061 pro
1580 1011 1634 1045 te.

265 1068 480 1124 Numquid
496 1068 613 1125 cupit
637 1067 846 1109 dimittere
858 1067 927 1109 te?
953 1068 1084 1109 Absit.
1114 1068 1225 1109 Ecce
1244 1100 1254 1116 ‚
1277 1077 1323 1110 ut
1347 1068 1510 1116 asseris,
1535 1068 1642 1110 nihil

267 1134 343 1176 tibi
366 1134 595 1180 remansit,
621 1133 700 1175 nisi
725 1141 888 1175 tantum
911 1135 1116 1176 voluntas.
1145 1133 1322 1176 Confide
1341 1134 1505 1187 3adhuc
1525 1149 1641 1191 mag-

267 1214 365 1242 nam
403 1199 533 1241 habes
571 1198 884 1247 haereditatem,
921 1214 1117 1255 magnam
1149 1199 1279 1241 habes
1315 1200 1635 1257 possessionem.

267 1267 367 1308 Esto
391 1265 451 1306 vir
474 1264 612 1312 fortis;
639 1264 744 1306 nihil
765 1264 877 1305 enim
907 1263 1077 1306 Latroni
1109 1265 1150 1306 in
1171 1279 1299 1306 cruce
1332 1265 1532 1321 pendenti
1555 1264 1642 1321 jam

268 1338 550 1380 remanserat,
582 1331 661 1372 nisi
690 1331 903 1382 voluntas,
933 1340 975 1372 et
997 1345 1097 1372 ecce
1122 1345 1248 1387 quam
1273 1331 1454 1373 dulciter
1480 1329 1555 1387 ipsi
1577 1330 1639 1385 (5)

267 1396 488 1439 Paradisus
518 1397 714 1438 donatur.
745 1394 1023 1438 Solummodo
1060 1396 1170 1438 bona
1201 1397 1393 1438 voluntas
1420 1395 1496 1437 tibi
1525 1394 1646 1436 intir-

293 1462 409 1505 uanti
431 1461 672 1518 requiritur.
702 1460 867 1503 Sufficit
889 1462 999 1503 enim
1021 1461 1130 1503 bona
1152 1463 1342 1503 voluntas
1366 1476 1462 1503 cum
1479 1459 1645 1502 confes-

298 1534 392 1573 1'0ne
408 1536 450 1570 et
471 1535 742 1585 peccatorum
758 1527 902 1568 dolore
918 1560 927 1574 ,
953 1542 1079 1583 quam
1102 1527 1134 1568 si
1157 1527 1248 1583 quis
1261 1526 1457 1569 habuerit
1473 1558 1483 1574 ,
1510 1527 1560 1567 ad
1579 1540 1643 1566 sa—

269 1597 400 1638 lutem
423 1592 499 1649 ipsi
518 1591 711 1634 sufficere
722 1592 892 1649 poterit.
910 1592 1200 1635 Ascendamus
1215 1592 1516 1649 ergo,fratres‚
1543 1591 1644 1633 dum

272 1661 472 1706 vivimus,
502 1659 656 1714 gradus
678 1658 817 1699 crucis
840 1666 882 1699 et
905 1658 1115 1700 bonorum
1140 1672 1344 1715 operum3
1371 1658 1646 1699 ascendamus

273 1727 325 1769 ad
345 1724 665 1783 poenitentiam,
710 1724 810 1765 dum
835 1732 999 1780 tempus
1034 1724 1263 1771 habemus,
1301 1722 1397 1779 quia
1434 1722 1647 1765 nescimus

273 1800 416 1834 utrum
441 1789 615 1847 juvenes
635 1789 700 1830 vel
722 1803 843 1831 senes
865 1788 975 1830 mori
994 1788 1236 1836 debeamus,
1257 1789 1397 1830 subito
1413 1789 1478 1830 vel
1501 1802 1618 1831 mora
1633 1821 1643 1837 ‚

273 1857 445 1900 inlecto
473 1856 539 1896 vel
557 1855 599 1896 in
617 1869 768 1912 campo
789 1887 799 1903 ‚
826 1854 868 1895 in
897 1854 1015 1911 igne,
1051 1855 1117 1896 vel
1148 1854 1188 1895 in
1223 1869 1329 1910 aqua
1351 1885 1360 1902 ‚
1388 1855 1453 1896 vel
1489 1853 1641 1912 gladio.

272 1923 382 1979 Ergo
405 1921 706 1969 ascendamus,
729 1920 770 1961 in
795 1920 907 1961 bono
929 1935 1058 1977 opere
1082 1920 1418 1978 perseverando3
1439 1928 1480 1961 et
1502 1919 1571 1975 qui
1593 1920 1648 1961 la-

275 1989 426 2030 borare
449 2003 532 2028 non
555 1995 715 2044 potest,
749 1987 894 2028 saltem
919 1987 959 2027 in
983 1986 1093 2027 bona
1131 1986 1347 2027 voluntate
1370 1993 1644 2042 permaneat,

275 2053 501 2096 auxiliante
520 2052 703 2093 Domino
728 2060 873 2093 nostro
895 2052 991 2092 Jesu
1011 2050 1179 2092 Christo
1197 2083 1207 2099 ,
1244 2051 1314 2108 qui
1343 2066 1440 2092 cum
1464 2051 1587 2093 Patre
1607 2057 1649 2093 et

274 2120 432 2178 Spiritu
453 2127 597 2161 sancto
617 2118 716 2160 vivit
737 2126 779 2160 et
802 2127 949 2175 regnat
970 2118 1011 2159 iu
1031 2118 1181 2160 saecula
1201 2118 1465 2159 saeculorum.
1493 2116 1642 2160 Amen.

321 2222 372 2269 (1)
409 2223 487 2255 Cod.
520 2222 681 2265 quiescas.
713 2241 759 2247 --
791 2221 839 2267 (2)
873 2226 968 2254 Forte
998 2222 1062 2253 ovis
1080 2221 1215 2265 perdica
1230 2247 1237 2260 ,
1260 2223 1335 2265 jam
1369 2223 1515 2253 inventus
1532 2220 1649 2262 suisti3

274 2281 425 2313 calorum
443 2280 595 2322 ct'visjam
605 2279 719 2323 factus
739 2291 783 2312 es.
798 2297 840 2303 ——
856 2276 906 2323 (3)
923 2278 1001 2311 Cod.
1019 2277 1082 2310 sibi
1094 2303 1102 2318 ‚
1121 2285 1151 2310 et
1171 2279 1216 2311 sic
1237 2277 1397 2323 deinceps.
