1868 3301
193 265 335 299 sEnMo
371 267 501 308 cxix,
541 267 586 298 m
624 266 783 300 mim
822 267 977 299 stxchi
1016 265 1250 298 mummii
1288 269 1315 298 ι.
1392 253 1482 317 367

128 333 210 376 diei
233 348 287 375 ne
311 341 410 375 tunc
432 340 580 374 uratur
603 334 803 377 inccndio
819 369 827 383 ‚
858 349 954 376 cum
987 332 1305 374 examinationis
1331 342 1496 390 tompus

129 397 364 446 advenerit,
403 406 498 439 antc
535 397 743 455 Propheta
785 401 939 442 clamat
980 407 1021 440 ct
1059 398 1159 440 dicit
1190 413 1199 439 :
1232 417 1245 436 ιι
1275 399 1356 440 Ure
1379 414 1497 442 rencs

128 478 274 506 »meos
298 472 339 505 ct
362 477 435 505 coi·
459 478 597 505 mcum
616 464 647 506 ¹.
671 484 684 503 n
702 466 781 507 [rc
804 481 946 514 rencs,
972 479 1025 506 ne
1049 464 1234 505 nutriant
1256 464 1495 514 vanitatem,

128 545 203 572 ure
221 544 308 577 cor,
328 544 380 571 nc
396 529 554 587 cogitet
570 530 806 573 vanitatem.
830 530 966 572 Habes
981 529 1091 570 onim
1106 530 1325 570 salutarem
1342 529 1496 586 ignom,

128 603 170 637 et
193 593 396 635 universis
425 594 656 636 luminibus
681 595 900 637 clariorem
919 627 930 644 ,
963 594 1080 636 illum
1112 594 1162 634 dc
1185 609 1268 650 quo
1295 594 1498 635 Dominus

129 659 232 702 dixit
265 659 308 700 in
345 659 571 715 Evangelio
602 675 646 701 2«
677 661 821 717 Ignem
860 660 953 702 veni
983 659 1149 700 mittet-c
1175 662 1212 699 iu
1239 667 1388 700 terram
1411 693 1420 708 ‚
1457 668 1499 702 et

128 746 142 766 n
158 726 261 783 quid
282 727 400 774 min,
437 726 517 767 uisi
545 726 606 783 (i)
631 734 676 767 ut
700 725 984 768 acccndatur²
1007 725 1024 767 Ρ
1046 743 1061 764 n
1081 725 1254 782 Impleta
1271 757 1282 774 ‚
1309 725 1496 774 Christe,

130 799 199 834 tua
239 792 429 833 voluntas
467 800 542 833 cst.
578 792 689 834 Ecce
722 793 834 834 onim
870 792 951 834 hoc
975 791 1140 833 accensi
1173 791 1268 847 igue
1294 791 1502 847 Cleophas

130 872 229 900 cum
256 856 371 899 socio
407 870 483 898 suo
513 857 659 899 dicunt
681 873 723 899 :u
754 859 902 899 Nonne
929 871 1002 898 coi·
1031 864 1218 897 nostrum
1243 856 1391 897 ardens
1414 863 1502 897 erat

129 923 200 964 »in
222 922 369 970 nobis,
395 936 492 963 cum
523 923 704 979 aperiret
721 923 841 964 uobis
865 922 1103 979 Scripturas
1121 919 1152 963 ³.
1180 939 1195 960 n
1224 920 1311 962 lloc
1336 921 1503 963 accensi

130 988 225 1046 igne
253 995 336 1029 trcs
370 986 489 1044 pueri
512 997 554 1029 ct
581 987 690 1030 intei=
726 1003 946 1044 poenarnm
980 986 1196 1037 flammas,
1230 985 1394 1027 camino
1424 1001 1500 1028 aes-

130 1060 290 1100 tuantc,
306 1052 653 1100 deambulabant,
679 1061 720 1094 ct
744 1053 885 1110 igneos
908 1051 1053 1109 globos
1075 1051 1252 1108 pedihus
1273 1051 1384 1092 illaesi
1403 1065 1504 1092 con-

131 1120 397 1163 calcabant⁶.
429 1120 547 1162 Unde
572 1121 718 1162 beatus
736 1120 985 1163 Laurentius
1009 1134 1091 1161 non
1114 1118 1267 1160 minori
1289 1128 1352 1160 cst
1373 1118 1500 1175 gioria

130 1186 438 1244 praedicandus.
468 1186 529 1228 llli
555 1187 665 1228 cnim
699 1187 808 1228 inter
839 1201 1057 1244 poenarum
1082 1184 1273 1227 flammas
1298 1185 1503 1226 domibu-

130 1252 296 1300 labant,
330 1251 400 1293 hic
427 1251 466 1293 in
493 1252 580 1309 ipso
607 1252 799 1309 supplicii
823 1253 884 1293 sui
910 1253 1005 1308 igue
1029 1250 1267 1293 discumbit.
1291 1251 1353 1291 Illi
1379 1251 1503 1292 vcsti-

130 1316 206 1373 giis
227 1318 383 1374 pedum
401 1319 653 1359 conculcant
672 1318 864 1359 incendia
880 1351 889 1365 ,
912 1318 979 1359 hic
1006 1317 1237 1358 servantem
1256 1317 1503 1358 craticulam

129 1382 310 1425 luterum
346 1382 612 1440 regyraticuc
653 1397 825 1425 suorum
858 1383 1031 1424 devotus
1069 1380 1300 1438 restinguit.
1351 1381 1411 1422 nli
1453 1383 1504 1424 ad

131 1456 393 1506 postremum
430 1457 587 1490 stantes
612 1481 622 1497 ‚
666 1449 707 1490 in
743 1464 864 1506 poena
902 1448 1072 1491 elevatis
1109 1456 1269 1489 tantum
1309 1447 1503 1490 manibus

131 1513 329 1562 orabant,
364 1512 434 1556 hic
465 1522 702 1571 prostratus
739 1514 781 1555 in
815 1529 937 1571 poena
969 1521 1059 1556 toto
1084 1512 1297 1554 Christum
1323 1526 1501 1570 corpore

133 1579 396 1637 deprecatur.

181 1681 290 1715 ιΡεεΙ.
310 1692 386 1721 xw,
406 1691 437 1713 2.
456 1700 497 1707 —
514 1680 530 1705 ²
544 1685 620 1715 Luc.
638 1693 700 1723 xu,
723 1694 775 1726 ¹9·
792 1701 835 1708 —
851 1680 930 1718 ³13.
953 1693 1038 1722 xxiv,
1059 1684 1114 1716 32.
1132 1699 1176 1707 —
1194 1679 1305 1717 ⁴Dan.
1325 1691 1378 1723 m,
1399 1687 1455 1719 24.

178 1758 228 1801 (ι)
244 1756 323 1793 eod.
341 1769 436 1801 quem
448 1758 526 1791 volo
539 1766 575 1790 ue
589 1756 799 1791 accendatur.
