1885 3284
331 326 473 356 SERMO
510 325 660 354 XXXVU
683 345 690 357 ,
733 326 786 355 DE
823 324 1037 356 PASSIONE
1075 322 1236 352 DOMlNi
1274 323 1304 352 1.
1418 325 1494 370 191

133 396 230 443 fuit,
251 408 329 436 nec
353 392 517 434 initium
542 391 714 439 habuit,
739 391 889 433 sicnec
915 387 1140 445 aliquando
1160 386 1288 429 finem
1315 387 1499 432 habebit.

134 461 279 517 Neque
297 458 507 501 aeternitas
522 457 648 498 habet
664 465 849 504 aetatem,
864 463 936 498 aut
948 455 1171 510 aliquando
1190 452 1334 504 finem,
1346 455 1509 511 quae(1)

133 525 269 569 nescit
288 523 507 581 originem.
536 522 617 564 Sed
638 523 689 564 ad
711 522 792 564 hoc
814 521 994 579 Spiritus
1018 529 1189 561 sanctus
1209 519 1321 574 cogit
1337 519 1388 560 de
1412 535 1505 576 pas-

133 592 250 634 sione
270 604 344 632 sua
375 588 607 631 Dominum
639 587 855 629 Christum
888 586 1055 633 dicere,
1085 585 1142 626 ita
1172 593 1219 627 ut
1245 585 1308 642 (2)
1327 586 1507 642 populus

133 658 204 714 qui
226 654 477 714 ignorabat,
516 652 647 710 possit
682 653 827 695 audire
853 651 989 694 :uUbi
1011 651 1147 708 pascis
1166 649 1183 692 P
1201 668 1217 690 »
1255 651 1298 693 id
1319 659 1411 701 est,
1434 651 1509 694 ubi

132 720 317 780 pateris?
341 720 393 761 Et
415 718 621 761 Dominus
641 719 871 775 respondet
892 718 954 775 (5)
982 733 991 758 z
1010 717 1082 758 «In
1100 715 1377 758 meridiano.»

192 788 242 830 ΙΙ.
272 789 376 828 Cum
399 785 441 826 in
464 793 578 826 sexta
603 784 704 826 hora
728 801 804 841 per
825 783 1011 826 medium
1034 782 1128 824 coeli
1150 782 1331 839 spatium
1353 783 1415 825 sol
1445 783 1510 841 ig-

133 868 236 895 neus
259 852 301 895 in
325 866 399 893 sua
417 850 524 892 libra
550 850 777 906 penderet,
800 859 841 891 et
864 865 939 892 axe
958 848 1220 904 flammigero
1243 847 1371 890 divisa
1387 863 1509 890 men-

133 933 229 961 sura
252 917 370 964 coeli,
394 915 607 972 subjectas
631 916 801 957 umbras
819 917 968 972 clypeo
985 914 1249 970 vibrante(4)
1272 913 1506 971 colligeret,

134 999 232 1026 cum
254 982 403 1024 mundi
421 982 626 1038 penderet
649 982 796 1023 umbra
815 1014 824 1029 ,
847 990 889 1022 et
914 980 1034 1022 inferi
1059 979 1184 1021 simul
1207 980 1247 1021 in
1264 987 1390 1022 nocte
1413 981 1469 1035 (5)
1495 1012 1506 1029 ,

133 1048 192 1090 sic
208 1047 344 1089 omnis
356 1046 500 1087 Judaea
515 1046 660 1087 vestita
674 1055 735 1087 est
758 1045 963 1092 caecitate,
988 1045 1159 1101 quando
1182 1043 1410 1086 furibundo
1430 1046 1503 1087 im-

132 1121 233 1170 petu
261 1111 468 1154 clamabat
509 1109 569 1164 (6)
607 1126 647 1151 :a
668 1109 876 1167 Crucisige
891 1143 901 1158 ,
926 1109 1170 1166 crucifige¹.
1189 1128 1204 1148 »
1233 1110 1352 1152 Sicut
1370 1112 1507 1153 omnis

133 1187 325 1219 creatura
348 1184 462 1218 sexta
479 1175 581 1217 hora
605 1190 688 1218 non
711 1176 958 1217 viditsolem
973 1208 983 1223 ,
1001 1175 1060 1216 sic
1079 1175 1285 1231 quidquid
1306 1178 1383 1217 sub
1404 1178 1510 1218 coelo

132 1242 299 1299 jacebat
335 1241 483 1283 didicit
519 1241 800 1297 majestatem.
828 1241 958 1282 Parva
981 1241 1093 1281 enim
1117 1240 1236 1288 dico3
1269 1241 1328 1283 sic
1360 1243 1505 1284 lumen

133 1307 314 1356 Christi,
347 1307 415 1363 qui
441 1324 456 1344 «
490 1309 535 1348 ln
559 1308 645 1347 sole
683 1306 822 1363 posuit
855 1306 1177 1347 tabernaculum
1199 1305 1398 1352 suum²,»
1419 1308 1510 1349 uni-

133 1388 272 1415 versas
307 1381 452 1429 gentes
486 1372 680 1427 collegit,
705 1379 747 1412 et
768 1371 1048 1412 conscientias
1072 1378 1235 1411 nostras
1267 1379 1509 1428 temporum

135 1447 258 1480 nocte
281 1437 341 1494 (7)
364 1445 475 1478 totus
511 1437 694 1478 intravit.
722 1436 926 1493 Popendit
949 1436 989 1476 in
1016 1450 1144 1477 cruce
1167 1444 1279 1477 sexta
1302 1437 1406 1478 hora
1430 1438 1512 1479 Do-

134 1504 272 1545 minus
295 1502 487 1544 Christus
506 1533 517 1550 ,
553 1511 594 1543 et
620 1503 684 1544 sol
714 1501 938 1558 pependit,
964 1510 1010 1542 ut
1031 1501 1227 1543 famulus.
1261 1501 1368 1544 Cum
1403 1504 1512 1545 latus

133 1568 287 1611 Christi
305 1568 450 1609 lancea
468 1567 710 1624 perforatur
725 1601 735 1617 ‚
763 1584 777 1605 ι
791 1567 856 1609 Ab
887 1567 987 1608 hora
1014 1575 1130 1608 sexta
1151 1567 1344 1623 usquein
1364 1567 1511 1610 horam

133 1632 333 1681 nonam³‚
348 1652 363 1672 n
392 1632 488 1674 solis
508 1633 672 1674 claritas
690 1633 920 1689 jugulatur.
941 1632 1076 1689 Luget
1093 1633 1248 1674 coelum
1273 1641 1509 1683 auctorem,

133 1699 317 1757 perdidit
348 1698 408 1754 (8)
433 1699 602 1740 oculum
629 1699 732 1747 dies,
753 1706 796 1740 et
812 1698 986 1738 orbatus
1004 1697 1139 1739 facula
1158 1699 1253 1739 coeli
1267 1729 1278 1744 ,
1297 1700 1409 1741 velut
1426 1715 1509 1742 nox

134 1765 268 1808 factus
306 1765 366 1822 (9)
387 1773 450 1806 est
477 1764 586 1812 dies,
613 1773 653 1806 et
677 1764 815 1806 subito
845 1763 1069 1806 adveniens
1096 1779 1177 1805 nox
1211 1774 1393 1807 excaecat
1421 1768 1508 1808 cla-

134 1831 315 1874 ritatem.
329 1831 551 1888 Propterea
566 1831 604 1871 in
618 1831 809 1888 passione
822 1830 990 1872 Domini
1005 1829 1161 1872 Christi
1180 1832 1291 1872 velut
1310 1847 1392 1873 nox
1404 1832 1510 1875 facta

133 1907 195 1940 est
223 1898 310 1939 dics
333 1928 343 1943 ‚
364 1897 460 1953 quia
486 1896 526 1937 in
555 1896 646 1952 ejus
683 1896 992 1938 resurrectione
1022 1911 1104 1937 nox
1133 1896 1331 1939 inclaruit
1359 1900 1444 1954 (ιο)
1464 1909 1511 1942 ut

134 1963 222 2005 dies
242 1995 252 2009 ‚
277 1962 386 2003 sicut
409 1961 613 2018 scriptum
637 1971 699 2003 est
720 1978 729 2002 ε
748 1981 760 1999 ιι
787 1961 894 2012 Quia
913 1962 947 2018 (ι
970 1963 1005 2018 ι)
1032 1961 1218 2003 tenebrae
1240 1977 1323 2004 non
1349 1965 1506 2006 ohscu-

135 2028 371 2070 »rahuntnr
395 2043 414 2069 a
438 2036 479 2069 te
495 2059 504 2074 ,
531 2035 572 2068 et
591 2042 671 2068 nox
698 2026 806 2068 sicut
823 2027 911 2068 dies
935 2026 1279 2069 illuminabitur-¹⁸.
1298 2046 1313 2067 »
1360 2029 1510 2071 Pecca—

183 2156 193 2177 ¹
221 2158 295 2187 Luc.
313 2165 399 2186 xxm
414 2178 422 2193 ‚
444 2165 502 2188 21.
526 2170 572 2177 —-
591 2152 607 2175 2
625 2155 708 2189 Psal.
729 2165 825 2194 xvm,
844 2158 878 2189 6.
897 2171 943 2178 --
957 2151 972 2176 3
987 2152 1106 2187 Malth.
1122 2165 1212 2186 xxvix
1226 2181 1235 2197 ,
1254 2156 1311 2192 45.
1328 2173 1375 2180 —
1394 2154 1409 2178 ⁴
1426 2158 1510 2190 Psal.

135 2222 297 2249 cxxxvm,
318 2222 371 2244 12.

184 2291 236 2339 (ι)
254 2293 306 2325 sic
318 2293 388 2325 cod.
407 2304 428 2324 n
444 2305 452 2332 ;
473 2292 545 2325 cod.
560 2304 669 2332 xxxix,
687 2293 806 2334 qui.—
820 2289 872 2338 (2)
887 2292 938 2325 sic
951 2292 1024 2327 cod.
1043 2304 1094 2333 1v;
1110 2293 1142 2324 in
1157 2295 1279 2326 caeteris
1296 2293 1383 2327 deest
1400 2295 1510 2330 ita.—

135 2350 185 2395 (3)
205 2350 311 2382 Codd.
332 2348 557 2391 respondit.—
571 2346 623 2394 (4)
638 2349 719 2382 Cod.
738 2360 770 2380 1v
789 2350 1015 2383 breviante.-
1032 2348 1082 2393 (5)
1098 2349 1149 2382 Sic
1166 2350 1259 2382 codd.
1277 2361 1307 2383 1:
1323 2351 1387 2393 Qui
1406 2358 1511 2395 potest

134 2417 267 2450 capere,
282 2406 401 2450 capiat.
421 2424 464 2430 -
483 2404 532 2449 (6)
551 2405 602 2437 Sic
627 2405 697 2438 cod.
721 2417 771 2445 1x;
789 2406 861 2440 cod.
890 2417 991 2438 xxxrx
1007 2407 1207 2439 clamabam.
1224 2425 1271 2432 -
1300 2407 1348 2451 (7)
1367 2408 1418 2440 Sic
1438 2409 1510 2442 cod.

135 2473 234 2495 xxxix
249 2473 258 2500 3
276 2461 348 2494 cod.
364 2472 462 2493 cxmu
481 2469 658 2503 temporum
676 2470 797 2495 noctes.
817 2463 972 2494 Neutrum
989 2467 1084 2505 captu
1101 2461 1193 2494 facile
1209 2475 1217 2501 3
1245 2462 1328 2495 forte
1344 2464 1511 2505 legendum

136 2526 278 2560 tempore
296 2518 411 2550 noctis.
426 2535 474 2543 —
489 2515 542 2562 (8)
558 2517 609 2549 Sic
625 2518 698 2551 cod.
721 2528 818 2550 xxxix
834 2529 843 2562 3
869 2517 944 2551 cod.
976 2529 1003 2549 11
1025 2518 1143 2560 perdit.
1164 2537 1208 2543 ———
1230 2518 1279 2562 (9)
1300 2519 1514 2562 Codd.facta

137 2582 197 2607 est.
215 2591 260 2597 —
277 2575 350 2614 (10)
375 2573 455 2605 Cod.
479 2584 581 2605 xxxix
597 2574 798 2612 declaravie;
825 2574 900 2606 cod.
927 2585 950 2606 11
973 2574 1152 2611 declamie,
1177 2585 1237 2619 pro
1265 2586 1330 2618 quo
1351 2576 1514 2619 posuimus

137 2629 301 2662 inclaruit.
316 2647 364 2653 -
379 2627 411 2672 (ι
423 2631 452 2670 ι)
473 2629 523 2661 Sic
539 2629 610 2663 cod.
630 2641 751 2667 cx1.111;
769 2629 839 2662 cod.
860 2640 961 2661 xxxix
981 2631 1048 2672 qui,
