1885 3284
193 305 338 336 sEnsto
374 304 515 345 vau,
555 304 602 335 ΙΝ
642 303 799 336 NATAm
837 304 1027 337 JOANNts
1064 304 1285 336 BAPHSTAE
1326 307 1394 338 m.
1452 307 1506 339 21

149 381 292 417 autem
323 370 501 416 Domini
526 369 564 415 ei
586 368 694 416 dicit
719 370 868 435 ,quod
891 371 928 417 ei
955 371 1010 417 sit
1033 370 1146 417 filius
1162 372 1420 421 nasciturus·
1446 373 1518 419 ille

149 458 237 487 non
259 439 464 488 credidit.
498 440 608 497 Quis
624 452 747 501 rogat
764 441 854 488 sine
871 444 979 505 spe‘?
1000 452 1074 488 aut
1096 441 1195 505 quis
1212 458 1298 488 non
1320 442 1459 489 credit
1475 445 1519 489 in

148 515 258 576 spe?
279 512 324 558 Si
350 530 437 558 non
459 528 604 575 speras
622 549 631 567 ‚
662 529 798 576 quare
819 514 960 577 petis?
996 512 1038 559 Si
1071 529 1216 576 speras
1242 550 1253 569 ‚
1282 529 1417 577 quare
1435 531 1522 560 non

148 582 315 629 credis?

215 654 296 701 111.
339 655 509 699 Interea
525 651 752 699 Elisabeth
772 663 1036 717 conceptum
1058 653 1491 717 portabatinfantem
1512 675 1524 709 3

148 724 193 770 in
218 722 453 787 publicum
488 739 570 786 pro
592 723 762 786 pudore
801 723 991 770 muneris
1012 723 1158 783 egredi
1184 723 1363 771 nolebat
1385 761 1396 781 ‚
1423 725 1530 788 quia

147 793 269 858 quod
305 794 467 840 habuit
492 793 794 841 erubescebat.
827 793 912 839 Sed
934 793 1082 858 pudor
1098 811 1192 840 eam
1214 795 1447 841 revocabat
1472 794 1526 840 ad

149 875 408 929 provectum
430 863 588 911 aetatis.
613 864 774 910 Munus
790 865 1035 924 juventutis
1062 875 1231 928 tempus
1254 865 1442 929 protulit
1459 882 1528 911 se-

148 936 350 982 nectutis.
381 936 479 981 Non
500 935 671 999 peperit
698 947 896 999 tempore
927 953 1016 1000 quo
1047 935 1250 992 volebat3
1280 936 1352 982 sed
1380 936 1527 997 genuit

147 1017 297 1063 estate,
320 1005 500 1070 quando
533 1005 724 1052 nolebat.
752 1007 956 1053 Lactavit
978 1005 1190 1053 infantem
1209 1007 1253 1053 in
1277 1017 1495 1053 senectute
1511 1044 1522 1063 ‚

146 1093 248 1141 quae
273 1077 356 1123 fuit
383 1077 537 1123 sterilis
567 1077 613 1122 in
641 1080 886 1138 juventute.
917 1077 1015 1123 Hoc
1047 1094 1138 1123 non
1171 1076 1254 1124 fuit
1278 1077 1526 1124 communis

146 1148 287 1194 carnis
312 1148 483 1194 affectio
503 1184 514 1204 ‚
558 1146 633 1192 sed
657 1158 750 1192 erat
787 1146 951 1193 divinae
988 1148 1225 1207 majestatis
1250 1148 1482 1212 promissio
1507 1167 1520 1200 ;

146 1217 382 1264 Zacharias
405 1218 520 1263 enim
548 1216 687 1263 filium
718 1234 766 1262 ex
801 1234 843 1263 se
876 1218 998 1263 nasci
1020 1234 1108 1263 non
1151 1218 1378 1272 credeban
1412 1219 1528 1264 Deus

147 1298 291 1334 autem
318 1288 590 1351 Prophetam
617 1287 789 1333 mittere
805 1286 1083 1351 disponebat.
1114 1289 1253 1334 Natus
1273 1305 1373 1348 ergo
1397 1291 1529 1333 Joan-

145 1375 218 1404 nes
241 1375 287 1404 ex
307 1358 469 1405 semine
487 1357 604 1404 virili
625 1394 635 1415 ‚
662 1358 736 1404 sed
754 1369 979 1422 praecepto
1005 1358 1129 1404 verbi
1157 1358 1312 1406 divini.
1346 1361 1488 1406 Natus
1510 1395 1522 1417 ‚

144 1428 305 1492 inquit,
318 1429 560 1493 Propheta,
575 1446 664 1474 non
684 1429 772 1474 sine
792 1429 930 1492 patris
943 1428 1129 1484 invidia,
1150 1446 1281 1492 quem
1300 1445 1391 1476 suae
1407 1447 1526 1477 men·-

146 1499 199 1545 tis
218 1499 484 1563 praepedivit
507 1499 707 1562 perfidia.
736 1500 835 1545 Non
865 1498 1053 1545 credidit
1084 1498 1237 1546 divino
1259 1512 1486 1565 praecepto
1509 1538 1521 1556 ,

144 1581 186 1616 et
217 1570 391 1616 vinctus
414 1581 476 1616 est
495 1570 660 1630 linguae
682 1569 1015 1633 impedimento.

213 1640 286 1688 lV.
329 1640 478 1687 Infans
498 1641 544 1687 in
561 1651 683 1687 utero
705 1641 853 1686 matris
874 1640 1082 1686 exultavit
1103 1677 1114 1697 ,
1136 1639 1244 1686 etde
1263 1651 1410 1688 ventre
1424 1659 1525 1706 pro-

145 1711 361 1775 phetavit.
388 1734 408 1753 «
433 1710 560 1757 Unde
577 1711 666 1757 hoc
690 1711 824 1766 mihi,
849 1720 898 1756 ut
913 1710 1059 1756 veniat
1081 1711 1219 1756 Mater
1239 1712 1416 1759 Domini
1439 1712 1523 1759 mei

147 1803 167 1824 >2
192 1781 247 1827 ad
277 1780 406 1828 me19
426 1804 445 1822 »
469 1782 626 1841 Magna
648 1780 901 1836 humilitas,
934 1779 1087 1826 fratres
1116 1782 1227 1837 mei,
1253 1782 1358 1845 quia
1385 1784 1525 1829 Mater

147 1852 383 1899 Salvatoris
399 1854 517 1900 venit
537 1852 591 1899 ad
610 1863 793 1898 matrem
806 1851 1110 1899 Praecui'soris.
1127 1852 1359 1900 Salutabat
1377 1855 1526 1901 Chris-

148 1934 240 1969 tum
260 1924 285 1969 J
291 1941 450 1970 oannes
465 1960 476 1980 ,
499 1934 540 1969 et
568 1923 699 1969 ambo
718 1940 806 1968 non
836 1923 1104 1969 videbantur
1125 1924 1171 1969 in
1195 1941 1336 1972 carne.
1369 1925 1526 1972 Chris-

149 2005 217 2040 tus
235 1994 415 2041 enimin
432 2004 553 2041 utero
576 1996 616 2039 M
625 1994 726 2040 ariae
741 1994 1067 2058 hospitabatur,
1085 2005 1128 2039 et
1143 1994 1166 2038 J
1171 2012 1330 2042 oannes
1347 1996 1393 2042 in
1417 2014 1526 2044 ven-

151 2076 212 2112 tre
232 2065 457 2112 Elisabeth
481 2065 758 2130 portabatur.
788 2065 982 2129 Denique
999 2075 1041 2111 et
1059 2065 1113 2111 de
1130 2065 1227 2130 ipso
1241 2083 1321 2112 vox
1335 2067 1527 2132 prophe-

150 2137 234 2183 tica
255 2153 301 2182 ex
320 2153 504 2200 persona
524 2136 694 2182 Christi
724 2136 884 2183 cecinit
918 2136 1066 2182 dicens
1107 2153 1118 2181 ε
1156 2157 1177 2178 α
1198 2137 1460 2202 Priusquam
1488 2149 1527 2184 te

150 2230 170 2250 »
189 2208 421 2254 formarem
438 2208 486 2254 in
506 2219 628 2254 utero
649 2245 660 2264 ‚
683 2209 786 2255 novi
808 2218 848 2255 te
863 2229 874 2263 ;
892 2219 933 2254 et
953 2219 1186 2271 antequam
1205 2209 1334 2255 exires
1356 2208 1410 2255 de
1425 2227 1526 2256 ven-

150 2299 170 2320 »
192 2289 273 2334 tre,
287 2278 559 2325 sanctificavi
578 2290 634 2335 te,
654 2288 696 2324 et
713 2278 982 2342 Prophetam
1000 2278 1045 2324 in
1058 2279 1259 2338 gentibus
1272 2280 1398 2343 posui
1412 2281 1528 2329 ἴθ’-η)

149 2349 296 2394 Beatae
319 2359 419 2395 sunt
443 2348 594 2395 talium
615 2360 773 2395 matres
794 2386 805 2406 ‚
833 2366 935 2413 quae
957 2350 1221 2396 Sanctorum
1244 2360 1285 2396 et
1309 2351 1527 2398 Domino-

150 2436 247 2465 rum
273 2418 402 2466 factae
418 2430 519 2466 sunt
547 2420 804 2480 genitrice53
838 2431 879 2466 et
913 2420 1056 2467 beatae
1087 2437 1257 2484 semper
1279 2431 1407 2468 eruut
1430 2438 1531 2487 quae

153 2490 303 2536 talium
323 2501 481 2537 matres
501 2490 590 2537 clici
608 2502 875 2538 meruerunt.

217 2560 267 2608 V.
302 2563 760 2625 Agnoscamusitaque
777 2563 1007 2610 amborum
1030 2562 1301 2622 nativitates,
1321 2575 1362 2612 et
1379 2563 1536 2611 discer-

237 2663 315 2694 I.nc.
337 2672 358 2704 1,
381 2664 437 2699 43.
455 2680 490 2686 —
512 2660 528 2683 Ἰ
545 2665 664 2695 Jerem.
687 2675 709 2701 ι,
727 2665 760 2698 5.
