1868 3301
192 366 336 397 SERMO
374 367 494 405 Lxm,
533 366 579 396 IN
617 365 748 395 FESTO
787 364 969 393 ASSUMP.
1014 363 1054 392 Β.
1099 363 1250 392 MARlAE
1290 361 1410 391 VIRG.
1470 345 1562 407 373

190 447 319 475 »cura
343 441 384 474 te
407 432 587 488 ipsum'.
614 451 627 469 n
655 431 705 472 Et
729 430 830 487 quid
854 431 1004 471 mirum
1029 462 1038 476 ,
1076 429 1106 469 si
1142 429 1242 469 mihi
1269 428 1348 469 lioc
1373 428 1564 483 quotidie

192 497 439 539 diceretur?
460 497 672 552 Numquid
701 512 780 537 nm
810 497 868 551 (ι)
893 504 1093 550 tanquam
1119 493 1372 545 jumentum,
1395 492 1561 548 triginta

188 562 307 604 annis
338 571 379 603 et
412 563 590 619 amplius
621 560 872 617 coniputrivi
912 560 951 600 in
986 559 1246 600 stercoribus
1289 566 1562 614 peccatorum

187 628 417 670 meorum?
441 628 667 679 Quomodo
685 642 783 682 ergo
804 627 954 681 loquar
968 625 1083 667 vobis
1105 639 1283 679 quorum
1301 622 1564 664 conversatio

187 694 229 735 in
255 694 370 735 coelis
391 694 478 736 est²
500 694 518 736 ‘z‘
541 693 754 748 Numquid
785 707 864 733 non
891 706 967 748 ego
996 701 1191 746 tanquam
1217 689 1350 746 pulvis
1373 698 1414 729 et
1437 687 1562 734 cinis.

185 773 310 815 quem
338 759 518 815 projecit
536 767 684 800 ventus
711 774 728 799 a
755 756 859 798 facie
885 765 1004 798 terrae
1022 755 1033 777 ³
1053 757 1061 797 l
1084 754 1215 810 Cujus
1236 757 1435 796 hactenus
1458 768 1563 794 con-

186 823 432 878 temptibilis
450 832 491 865 et
509 822 755 864 miserabilis
775 822 854 863 vita
873 822 948 863 suit
963 854 973 871 ‚
989 830 1030 862 et
1054 821 1111 861 sic
1128 833 1267 861 sermo
1286 826 1564 860 contemnen-

186 889 262 929 dus
285 887 479 931 efficitur.
497 888 713 945 Numquid
728 904 796 930 vos
812 903 895 929 non
918 889 978 943 (2)
996 886 1125 928 eremi
1142 886 1345 935 cultores,
1359 886 1562 925 coelorum

183 953 294 995 cives
315 963 558 996 sanctorum
574 987 584 1006 ,
608 963 649 996 et
671 952 888 995 domestici
918 953 992 993 Dei
1011 953 1022 972 ‘¹
1041 986 1050 1000 ‚
1079 951 1148 1007 qui
1174 966 1269 991 vere
1284 950 1447 1006 sapitis,
1474 964 1565 1004 qum

184 1017 261 1060 Dei
287 1027 384 1061 sunt
407 1028 449 1060 et
473 1034 553 1060 non
583 1034 675 1075 quae
711 1034 836 1074 super
864 1016 1079 1058 terram⁵i³
1105 1015 1311 1071 numquid
1337 1029 1419 1055 non
1439 1013 1563 1054 etiam

181 1097 288 1139 puer
320 1083 429 1125 inter
453 1099 522 1125 vos
544 1099 668 1125 sensu
693 1091 734 1124 et
756 1082 988 1139 sapientia?
1009 1082 1127 1123 Unde
1149 1095 1248 1137 ergo
1273 1089 1356 1121 tam
1384 1080 1564 1135 superba

181 1150 474 1206 praesumptio,
502 1158 547 1190 ut
574 1150 768 1190 indoctus
794 1149 901 1189 inter
923 1148 1129 1204 sapientes
1147 1180 1156 1192 .
1185 1145 1346 1200 juvenis
1369 1143 1478 1185 inter
1496 1158 1563 1185 se-

181 1227 276 1261 nes,
305 1213 414 1256 filius
433 1215 540 1256 inter
566 1219 702 1271 patres
720 1247 727 1258 ‚
746 1214 884 1255 Levita
911 1213 971 1268 (5)
999 1213 1107 1253 inter
1124 1211 1391 1257 Sacerdotes,
1412 1210 1564 1251 audeat

182 1279 368 1334 proferre
400 1295 640 1321 sermonem
664 1280 680 1320 P
702 1279 994 1321 Contrrmisco
1018 1277 1210 1319 elationis
1233 1274 1458 1333 supercilio
1476 1306 1488 1323 ‚
1518 1283 1563 1315 ut

180 1344 316 1385 lutum
340 1346 390 1386 de
415 1344 542 1402 figulo
558 1379 567 1397 ,
591 1360 696 1401 opus
720 1345 771 1385 dc
788 1342 940 1401 opifice
957 1376 966 1391 ,
993 1352 1185 1385 creatura
1211 1342 1261 1383 de
1284 1341 1416 1382 Matre
1438 1339 1559 1380 Crea-

181 1409 306 1457 toris,
333 1408 501 1451 infimus
525 1411 575 1451 de
599 1423 819 1466 supremo,
842 1417 1039 1465 peccator
1061 1409 1112 1449 de
1137 1407 1206 1448 illa
1226 1420 1316 1462 quse
1339 1413 1561 1461 peccatum

180 1475 378 1522 nescivit,
414 1484 639 1532 praesnmat
668 1474 821 1530 aliquid
855 1473 1047 1515 fabulari.
1090 1471 1245 1513 Verum
1279 1478 1426 1512 contra
1452 1469 1560 1511 hanc

180 1540 459 1582 excusationis
487 1539 767 1597 arrogantiam
803 1539 1015 1596 duplicem
1052 1537 1247 1579 adinveni
1278 1535 1559 1577 excusationis

180 1604 313 1653 viam,
348 1621 526 1661 quarum
563 1606 695 1662 prima
728 1616 790 1646 est
819 1605 1001 1646 charitas
1040 1612 1184 1645 vestrae
1226 1601 1489 1651 dilectionis,
1519 1608 1562 1642 et

181 1669 438 1712 immensitas
466 1672 615 1713 divinae
640 1670 851 1712 bonitatis.
882 1671 1033 1711 Potens
1054 1677 1115 1711 est
1134 1669 1246 1710 enim
1271 1667 1491 1713 Dominus,
1517 1676 1561 1707 ut

179 1736 377 1791 loquatur
402 1738 441 1777 in
465 1751 583 1778 servo
609 1750 684 1777 suo
707 1744 932 1792 peccatore
956 1741 997 1776 et
1019 1735 1262 1780 immundo,
1289 1732 1357 1789 qui
1391 1733 1558 1773 locutus

181 1809 244 1842 est
279 1801 318 1842 in
350 1800 593 1858 jumento⁶;
615 1810 657 1842 et
680 1801 748 1856 qui
779 1801 942 1858 aperuit
972 1816 1016 1842 os
1038 1801 1160 1842 asinae
1195 1801 1244 1841 ad
1267 1798 1554 1853 loquendum,

180 1866 339 1923 aperiat
362 1882 435 1908 cor
456 1875 497 1908 et
517 1881 563 1908 os
587 1881 726 1907 meum
753 1881 830 1922 per
855 1866 1031 1921 gratiam
1056 1881 1200 1907 suam.
1230 1873 1276 1905 ut
1310 1864 1434 1918 digne
1459 1877 1556 1904 nar-

177 1947 271 1973 rare
289 1932 444 1990 possim
467 1947 619 1974 nomen
640 1946 723 1973 suae
736 1932 874 1974 Matris
891 1933 1005 1974 vobis
1018 1932 1216 1974 fratribus
1240 1939 1282 1972 et
1299 1929 1554 1987 presbyteris

179 2012 296 2039 meis.

238 2062 288 2104 11.
326 2063 546 2106 Festivitas
564 2065 765 2106 hodierna
781 2097 789 2110 ,
812 2065 958 2105 fratres
982 2061 1240 2106 dilectissimi
1262 2094 1268 2105 ‚
1296 2068 1411 2101 tanto
1434 2057 1556 2098 nobis

180 2129 306 2172 debet
329 2145 418 2171 esse
443 2132 657 2179 devotior,
677 2139 833 2188 quanto
856 2132 922 2171 illa
950 2130 1070 2184 cujus
1106 2131 1162 2184 (4)
1192 2127 1439 2168 memoriam
1468 2124 1548 2180 agi-

178 2209 293 2243 muS‚
330 2197 495 2238 cunctis
528 2198 723 2254 gentibus
750 2197 826 2238 suit
861 2195 1112 2242 foecundior,
1159 2191 1325 2235 cunctis
1362 2189 1556 2247 apparuit

179 2261 379 2308 sanctior,
407 2263 572 2304 cunctis
595 2263 704 2303 intus
728 2271 770 2303 et
791 2262 888 2303 soris
911 2259 1147 2318 pulchrior,
1189 2257 1352 2299 cunctis
1390 2254 1554 2311 sapien-—

181 2325 277 2373 tior,
303 2325 538 2382 gloriosior,
576 2327 819 2383 gratiosior,
855 2326 1053 2368 omnibus
1079 2322 1283 2365 creaturis
1310 2318 1547 2377 perfectior.

227 2447 235 2466 ¹
256 2447 329 2477 Luc.
351 2456 392 2483 iv,
411 2447 466 2477 23.
487 2464 529 2469 —
550 2444 566 2467 ²
582 2444 698 2488 Philip.
720 2456 771 2481 ιιι,
793 2456 834 2476 20
868 2463 909 2469 —-
929 2442 1075 2477 3Psal.1‚
1098 2451 1128 2479 4.
1143 2461 1189 2466 —
1210 2439 1225 2464 ⁴
1241 2440 1356 2484 Ephes.
1379 2449 1413 2476 ιι,
1438 2451 1492 2480 ¹9-
1512 2457 1551 2462 --

177 2499 192 2522 ⁵
205 2501 326 2533 coloss.
345 2512 394 2539 ιιι,
417 2509 449 2538 (4.
464 2520 511 2526 —
524 2499 539 2523 ⁶
554 2503 651 2535 Num.
669 2512 749 2539 xxii,
773 2502 827 2531 28.

225 2587 276 2634 (ι)
291 2591 386 2621 Deest
407 2601 472 2620 non
489 2591 520 2621 iu
540 2590 622 2627 cod„
646 2591 733 2622 etsie
752 2591 914 2634 deinceps.
941 2610 978 2614 —
999 2589 1052 2636 (2)
1072 2593 1194 2621 Desunt
1208 2588 1276 2620 haec
1298 2585 1392 2618 verba
1411 2596 1473 2615 vos
1492 2596 1555 2614 non

172 2645 211 2676 in
228 2646 300 2677 cod.
315 2663 362 2670 —
390 2643 441 2690 (3)
463 2649 543 2678 Nota
563 2653 727 2678 auctorem
753 2647 806 2688 qui
826 2646 949 2689 scripsit
969 2646 1055 2678 huuc
1076 2656 1251 2678 sermonem
1265 2669 1272 2678 .
1291 2643 1345 2674 hic
1368 2653 1399 2672 se
1414 2642 1556 2672 Levitam

177 2701 342 2734 nominare
354 2708 383 2733 et
395 2700 511 2733 deiude
525 2701 718 2746 Episcopum
736 2712 936 2736 asserere.-—
952 2701 1001 2746 (4)
1012 2702 1094 2734 cod.
1114 2709 1237 2744 quanto
1251 2701 1341 2731 illam
1356 2697 1557 2729 memoria..
