1885 3284
345 314 486 345 SERMO
524 313 592 351 XL,
635 314 688 342 DE
727 312 941 343 Passtorffi
980 312 1143 343 nomm
1183 314 1243 344 lv,
1401 315 1489 362 207

117 380 287 437 quando
311 379 408 422 vitia
430 380 568 422 carnis
590 379 630 421 in
645 394 772 422 cruce
795 379 1051 437 poenitentiae
1068 381 1390 424 conculcantur.
1414 381 1496 424 Sed

124 446 235 488 circa
276 459 493 503 vesperam
528 444 580 486 de
614 444 813 501 patibulis
836 445 1135 502 deponuntur,
1168 452 1211 486 et
1234 444 1274 487 in
1298 446 1499 504 spelunca

118 519 357 567 ponuntur,
390 509 485 566 quia
518 517 611 567 post
640 509 778 551 crucis
813 509 1104 566 poenitentiam
1129 510 1316 567 quinque
1350 526 1497 568 regum

118 576 338 625 cadavera,
359 575 522 617 scilicet
545 574 732 631 quinque
753 574 943 632 corporis
961 588 1108 616 sensus
1124 605 1134 621 ‚
1158 574 1272 616 sicin
1297 578 1500 634 spelunca

117 640 316 683 Ecclesiae
339 640 548 697 lapidibus
579 640 734 682 Christi
755 639 895 682 obtusi
917 648 959 681 et
979 640 1172 696 cooperti
1194 650 1292 684 sunt
1310 674 1320 690 ,
1347 651 1394 685 ut
1414 657 1497 685 non

119 705 333 754 viventes,
359 707 432 748 sed
455 705 573 762 quasi
598 706 756 747 mortui
774 705 1000 748 existimati
1032 705 1128 747 sint.

177 768 245 813 IV.
293 769 446 813 nAbsit
468 784 593 826 erg0,
620 769 795 819 fratres,
820 770 989 827 gloriari
1018 770 1096 812 nisi
1117 770 1158 812 in
1182 785 1311 814 cruce
1329 773 1499 817 Domini

117 854 132 875 n
147 836 280 878 nostri
301 837 397 878 Jesu
423 835 578 877 Christi
592 835 625 884 ¹,
642 854 656 874 υ
671 837 710 877 in
724 851 803 892 qua
822 845 885 878 est
906 837 1017 878 salus
1029 837 1162 878 etvita
1176 840 1500 884 nostra.Claude

116 915 216 959 ergo
240 902 314 943 ista
353 901 542 956 quinque
578 901 683 942 ostia
701 933 711 949 ,
737 902 770 942 si
795 902 855 943 vis
882 903 1079 958 amplecti
1107 902 1263 945 Christi
1289 919 1460 948 crucem
1486 922 1496 948 ε

118 967 259 1024 aspice
283 979 473 1015 crucem,
499 966 642 1007 salutis
665 975 817 1008 nostrae
835 967 1046 1009 vexillum.
1072 968 1168 1009 Haec
1180 977 1243 1010 est
1258 971 1401 1019 clavis,
1421 987 1501 1029 qua

118 1031 259 1074 omnia
280 1031 384 1073 ostia
406 1032 605 1073 claudere
629 1032 785 1089 poteris
807 1049 818 1080 3
844 1033 904 1074 sic
927 1048 1028 1089 ergo
1055 1034 1131 1075 ista
1156 1043 1196 1076 te
1224 1051 1391 1094 semper
1411 1053 1502 1080 mu-

118 1097 233 1145 nias,
259 1111 284 1139 ο
307 1105 518 1153 peccator.
546 1097 646 1138 Ideo
675 1096 893 1154 figurative
933 1097 1109 1155 legimus
1127 1132 1136 1146 ,
1179 1100 1348 1152 fratres,
1388 1106 1502 1160 quod

119 1161 334 1219 Moysesin
349 1162 531 1219 AEgypto
554 1163 753 1220 praeccpit
769 1163 972 1220 sanguine
996 1164 1089 1220 agni
1117 1164 1228 1207 liniri
1246 1166 1306 1221 (i)
1334 1178 1376 1210 et
1399 1171 1500 1225 ungi

120 1226 224 1268 duos
247 1231 405 1283 postes,
431 1235 473 1268 et
495 1242 620 1283 super
643 1227 769 1269 etiam
793 1228 1008 1275 liminare,
1037 1243 1088 1270 ne
1107 1228 1291 1287 Angelus
1309 1225 1502 1277 extermi-

121 1299 242 1333 nator
263 1290 478 1333 intraret².
500 1291 594 1333 Duo
618 1300 780 1348 postes,
806 1292 954 1335 fratres
970 1325 980 1341 ‚
1007 1308 1160 1351 corpus
1172 1303 1212 1336 et
1230 1297 1368 1341 anima
1386 1311 1498 1351 sunt,

121 1371 213 1412 quae
237 1356 553 1413 suntsanguine
573 1355 748 1406 Christi,
769 1357 903 1405 idest,
923 1358 1042 1414 signo
1060 1361 1200 1402 crucis
1216 1393 1226 1409 ‚
1245 1366 1498 1414 munienda;

122 1435 277 1478 corpus
310 1421 587 1462 muniendum
611 1429 675 1462 est
696 1436 772 1477 per
792 1423 1049 1463 sacramenti
1074 1427 1405 1480 assumptionem
1423 1463 1432 1476 ‚
1460 1440 1502 1472 et

122 1486 256 1527 anima
280 1500 353 1542 per
378 1485 733 1527 conformitatem.
758 1484 1091 1541 Superliminare
1111 1487 1294 1532 frontem
1315 1502 1500 1537 nostram

121 1549 308 1606 intelligo
324 1582 335 1602 ,
360 1564 452 1606 quae
478 1564 647 1606 semper
668 1549 786 1606 signo
810 1550 949 1592 crucis
979 1550 1105 1593 debet
1122 1554 1289 1597 muniri.
1318 1557 1444 1608 Quod
1468 1561 1499 1602 si

121 1615 180 1657 sic
202 1614 454 1663 fecerimus,
489 1615 636 1656 fratres
653 1647 662 1661 ,
699 1614 1003 1658 exterminator
1027 1616 1210 1673 Angelus
1242 1622 1293 1661 ad
1317 1637 1391 1663 nos
1417 1639 1502 1667 non

122 1680 351 1738 perveniet.
380 1680 444 1723 Ad
467 1679 577 1721 hanc.
602 1681 796 1722 arborem
824 1681 964 1722 crucis
992 1682 1167 1738 cupiens
1200 1684 1404 1729 Dominus
1433 1705 1500 1731 as—

121 1746 319 1793 cendere,
337 1745 376 1786 in
390 1745 624 1787 Jerusalem
646 1745 834 1787 ascendit
853 1746 892 1786 in
910 1746 1129 1788 Dominica
1146 1749 1382 1794 Palmarum
1404 1769 1502 1799 cum

120 1812 276 1855 laetitia.
305 1812 460 1854 Eamus
491 1826 590 1868 ergo
622 1822 664 1854 et
695 1828 768 1854 nos
792 1827 887 1854 cum
913 1828 963 1854 eo
986 1847 995 1861 ‚
1019 1822 1061 1855 et
1084 1815 1381 1874 crucifigamus
1407 1836 1502 1863 car-

121 1892 219 1920 nem
241 1885 440 1919 nostram.
484 1877 637 1918 Eamus
664 1879 844 1934 donique
882 1893 978 1919 cum
1013 1880 1153 1922 laelitia
1176 1915 1186 1930 ,
1221 1891 1263 1924 et
1292 1887 1499 1944 suscipia-

122 1958 214 1984 mus
237 1942 540 1999 improperium
570 1943 717 1984 mundi
742 1944 899 2000 pariter
921 1958 1017 1986 cum
1043 1961 1106 1986 eo,
1134 1946 1370 1991 Moriamnr
1397 1968 1500 2009 pec-

120 2009 222 2050 catis
245 2021 320 2064 pro
343 2022 393 2048 eo
409 2041 418 2055 ,
444 2006 659 2065 sicutipse
680 2023 755 2064 pro
780 2010 962 2065 peccatis
981 2012 1132 2053 nostris
1154 2022 1346 2058 mortuus
1359 2026 1436 2060 est.

181 2072 228 2115 V.
268 2073 366 2114 [deo
389 2072 550 2114 (lictum
575 2083 638 2115 est
662 2073 784 2115 Petro
814 2074 853 2114 in
880 2074 1061 2123 visione,
1090 2077 1129 2117 in
1158 2093 1238 2134 qua
1272 2082 1497 2126 linteamen

121 2139 293 2194 plenum
318 2137 548 2179 immundis
588 2138 841 2181 animalibus
866 2140 943 2180 sibi
977 2141 1164 2182 oblatum
1194 2153 1256 2185 est
1285 2146 1496 2205 :aSurge,

122 2203 297 2250 »Petre,
318 2211 457 2244 macta
474 2235 484 2255 ‚
515 2203 662 2245 occide
694 2212 736 2246 et
761 2205 1022 2254 munduca³3
1046 2209 1192 2263 »quasi
1216 2211 1381 2254 dicatur
1405 2228 1414 2254 τ
1437 2214 1499 2256 Tu

121 2277 263 2326 pastor
280 2283 347 2318 es,
363 2277 406 2310 et
424 2269 518 2310 ideo
542 2270 732 2311 animalia
755 2286 846 2326 quae
869 2281 967 2313 sunt
990 2273 1030 2313 in
1051 2274 1264 2317 liteamine
1288 2277 1498 2330 Ecclesiae,

121 2348 212 2390 quae
237 2333 454 2375 immunda
476 2341 598 2381 sunt,
623 2335 770 2376 occide
789 2350 836 2376 ea
855 2345 897 2377 et
915 2346 1050 2378 macta
1076 2339 1214 2381 crucis
1232 2342 1498 2397 poenitentia,

122 2409 163 2442 et
183 2400 247 2442 sac
271 2415 316 2442 ca
338 2400 410 2442 tibi
434 2400 599 2442 similia.
629 2400 934 2459 Crucissgamus
957 2419 1056 2460 ergo
1085 2421 1160 2446 nos
1196 2407 1271 2463 ipsi
1309 2409 1368 2466 (2)
1409 2413 1498 2467 plo,

123 2465 254 2506 rando
281 2472 322 2506 et
343 2466 552 2521 gemendo
574 2465 671 2508 vitia
693 2475 736 2508 et
758 2478 947 2523 peccata.

169 2595 181 2619 ¹
200 2595 307 2628 Galat.
325 2605 371 2637 vi,
391 2600 444 2633 κά.
457 2611 504 2621 -
517 2594 649 2630 2Ex0d.
664 2607 722 2637 ιιι,
742 2600 842 2638 7-13.
859 2616 905 2626 -
922 2596 937 2623 3
953 2602 1026 2636 Act.
1043 2611 1078 2647 x,
1099 2604 1152 2638 13,

169 2678 220 2720 (ι)
236 2676 454 2714 οοᾱ.1ίηίονί.
471 2694 515 2704 ·—
534 2675 584 2721 (2)
596 2677 678 2714 cod.
691 2679 776 2714 mal·
790 2679 887 2722 ἰριοι.
