1885 3284
103 310 250 341 SERMO
284 309 473 349 Lxxxui,
514 308 558 338 ΙΝ
595 308 749 338 NA‘sALt
790 310 822 339 S.
855 306 1066 338 CYPMAN·
1097 309 1317 340 MAiz'lYuls
1343 312 1370 341 Ι.
1416 312 1438 358 7

1448 311 1471 358 x}

166 377 200 423 I.
244 378 430 422 DUPLEx
451 392 619 435 gemma
642 375 685 419 in
705 385 854 420 sancto
879 374 1102 437 Cypriano
1125 375 1339 437 prael'ulsit
1360 411 1370 432 ,
1389 376 1471 422 fra-

102 457 184 492 tres
206 445 505 501 dilectissimi,
533 445 818 490 Sacerdotum
849 445 1010 507 pariter
1029 455 1070 490 et
1092 446 1337 508 Martyrum
1365 447 1431 508 (ι)
1458 483 1470 502 ,

99 526 142 561 et
164 515 350 562 invicem
366 532 408 560 se
429 514 640 561 decorant
659 551 669 570 ,
691 514 797 560 dum
822 514 868 559 in
897 514 1118 576 Episcopo
1136 515 1252 560 clara
1273 526 1334 560 est
1351 516 1436 561 vita
1458 554 1468 571 ‚

99 596 141 631 et
164 602 280 632 mors
299 585 344 631 in
369 589 566 647 Martyre
584 586 785 648 pretiosa.
815 588 959 641 Quam
982 585 1157 630 beatum
1175 586 1301 645 gessit
1333 603 1473 631 sacer-

100 656 266 702 dotium
286 693 296 709 ,
320 655 396 718 qui
414 655 738 701 conclusionem
760 655 863 702 fecit
882 655 1009 701 dulce
1025 657 1284 719 martyrium
1305 677 1316 710 ;
1343 668 1384 702 et
1408 674 1472 703 se-

99 726 325 772 curitatem
354 725 475 772 dedit
496 726 729 772 victoriam
752 726 1081 789 triumphorum
1104 764 1115 783 ‚
1157 738 1205 772 ut
1236 728 1313 790 qui
1343 739 1465 773 antea

98 813 180 860 pro
208 796 379 860 populo
412 796 676 842 sacrificium
705 797 794 842 Deo
819 796 1025 842 offerebat
1046 834 1057 852 ,
1088 797 1218 842 modo
1242 808 1387 843 autem
1429 816 1471 844 se

96 868 242 930 ipsum
264 867 433 912 offerret
457 866 577 931 quod
602 867 820 912 habebat!
854 866 1073 912 Advolans
1094 868 1161 929 (2)
1193 868 1381 927 Angelus
1403 886 1472 913 re-

98 938 273 984 dolente
298 938 530 984 thuribulo
552 939 616 1000 (3)
637 976 648 995 ‚
676 955 856 1001 precum
878 942 968 997 ejus
1007 939 1215 984 offerebat
1247 940 1472 985 incensum

98 1009 153 1056 ad
178 1027 417 1072 supernum
444 1010 576 1055 altare
594 1047 604 1066 ‚
638 1021 735 1055 ante
756 1009 942 1055 sedentis
967 1010 1032 1071 (4)
1066 1010 1273 1055 thronum
1301 1047 1310 1065 ‚
1342 1010 1473 1056 modo

98 1091 241 1126 autem
255 1081 397 1143 ipsum
413 1080 588 1126 levaviti
599 1099 621 1126 n
634 1081 776 1125 aulam
792 1080 1022 1126 coelorum.
1034 1080 1290 1126 Praecedant
1303 1092 1473 1127 caeterae

97 1161 331 1214 potestates
355 1151 617 1195 Pontificem
650 1150 779 1195 simul
806 1161 847 1195 et
872 1152 1138 1213 Martyrem3
1168 1161 1214 1195 ut
1238 1166 1367 1213 quem
1389 1151 1473 1196 cir-

96 1220 337 1267 cumdabat
362 1220 554 1284 populus
582 1221 846 1266 sacrificium
881 1221 1128 1266 offerentem
1150 1257 1161 1276 ,
1205 1220 1337 1266 modo
1367 1237 1466 1266 eum

96 1302 308 1336 coronent
330 1291 480 1351 Angeli
500 1293 793 1337 confitentem.

163 1363 221 1408 ΙΙ.
265 1361 304 1406 Ο
331 1361 531 1408 dedicata
556 1364 699 1426 passio
719 1400 730 1418 ,
776 1373 817 1408 et
854 1362 1039 1422 gloriosa
1071 1362 1314 1408 confessio!
1348 1363 1472 1408 Unus

93 1431 205 1477 ictus
225 1430 359 1491 gladii
381 1433 562 1477 secantis
585 1433 801 1495 separavit
815 1443 950 1495 caput
969 1450 991 1477 a
1011 1432 1218 1477 membris
1240 1469 1252 1489 ,
1268 1443 1310 1478 et
1329 1432 1473 1493 junxit

95 1502 231 1566 capiti
269 1501 521 1550 Salvatoris.
557 1504 811 1549 Absolvitur
853 1503 1031 1549 vinculo
1067 1504 1210 1549 carnis
1229 1540 1240 1558 ‚
1291 1514 1333 1548 et
1370 1521 1468 1550 cum

96 1573 326 1636 triumpho
345 1573 391 1619 in
408 1573 571 1620 coelum
590 1574 760 1620 levatur
780 1576 835 1620 ab
851 1574 1038 1633 Angelis.
1060 1575 1360 1634 Interrogatus
1389 1576 1472 1621 sub

93 1645 267 1691 lenitate
287 1644 521 1691 crudeliter
541 1683 550 1701 ,
586 1645 814 1709 respondit
832 1647 914 1691 sub
948 1645 1160 1708 patientia
1179 1645 1362 1692 fortiter.
1391 1649 1473 1691 Sa-

95 1715 266 1769 crifica,
287 1715 433 1779 inquit
448 1753 458 1771 ‚
487 1715 571 1761 diis
587 1716 798 1761 Romanis
827 1715 1069 1761 secundum
1093 1726 1370 1779 praeceptum
1386 1718 1472 1761 lm-

95 1786 320 1849 peratoriS.
349 1785 416 1830 Ad
441 1785 540 1832 haec
557 1796 733 1832 sanctus
754 1786 1005 1849 Cyprianus
1022 1785 1250 1849 respondit
1277 1804 1287 1831 ε
1320 1785 1472 1832 Chris-

96 1857 237 1902 tianus
261 1873 358 1902 sum
376 1867 418 1902 et
446 1858 715 1921 Episcopus3
739 1868 780 1903 et
814 1875 902 1903 non
941 1856 1126 1917 cognovi
1153 1856 1289 1902 alium
1329 1857 1468 1903 Deum

94 1927 176 1972 nisi
193 1943 331 1973 unum
348 1937 390 1973 et
409 1944 559 1974 verum
575 1965 586 1984 ‚
611 1945 691 1991 pro
708 1945 796 1992 quo
818 1938 997 1992 paratus
1009 1944 1105 1973 sum
1125 1927 1305 1973 diversis
1327 1927 1472 1991 poenis

88 1997 283 2058 judicari
305 1998 351 2043 in
365 1999 594 2055 saeculum,
619 2016 708 2063 quo
733 2001 897 2064 possim
920 1999 964 2045 in
974 1998 1170 2044 futuram
1192 1999 1470 2044 resurrectio--

94 2087 191 2115 nem
203 2070 367 2116 habere
383 2088 502 2134 spem
522 2071 567 2116 in
577 2070 1012 2135 perpetuuin.Judex
1025 2070 1132 2116 dixit
1148 2070 1239 2115 :Vis
1257 2087 1361 2133 ergo
1375 2070 1470 2115 exul

96 2141 312 2187 Curubim
330 2141 572 2205 proficisci,
587 2160 639 2187 an
664 2143 884 2188 Rofnanas
903 2141 1043 2188 colere
1063 2141 1345 2186 caeremonias
1368 2142 1432 2203 (5)
1451 2144 1469 2187 1>

95 2210 284 2258 Sanctus
305 2212 554 2275 Cyprianus
580 2212 785 2276 repondit
808 2230 818 2257 :
848 2212 1128 2267 proficiscor,
1152 2211 1231 2256 ubi
1251 2210 1464 2274 impellis,

94 2280 166 2326 sed
188 2298 296 2342 nego
319 2281 440 2346 quod
475 2282 628 2330 suades
652 2283 735 2346 (6)
776 2283 958 2330 Exilium
996 2299 1141 2328 meum
1181 2281 1469 2328 comitabitur

144 2385 188 2416 J)
206 2378 338 2407 Sanctus
360 2378 557 2418 Augustinus
581 2377 612 2408 iu
632 2377 693 2408 hoc
717 2381 871 2410 Sermone
887 2378 1060 2421 dupliciter
1081 2378 1212 2408 miratur
1234 2380 1382 2409 Sanctum
1404 2380 1469 2421 Cy-

95 2429 240 2472 prianum
259 2431 377 2464 scilicet
399 2438 432 2463 ut
446 2432 648 2464 Sacerdotem
668 2439 698 2463 vt
723 2438 758 2464 ut
775 2435 970 2477 Martyrem,
997 2433 1077 2464 sicut
1099 2433 1129 2463 in
1151 2435 1368 2473 Ser1n.ccmx‚
1389 2445 1417 2464 n.
1437 2442 1468 2471 4,

94 2497 187 2528 quem
211 2492 242 2518 et
271 2497 330 2529 pro
349 2488 472 2519 eaeteris
501 2488 618 2519 videas.
644 2506 690 2512 —
711 2491 757 2531 (2)
775 2489 852 2520 eod.
868 2490 948 2521 male
970 2490 1125 2520 assolens.
1148 2506 1194 2512 —
1215 2487 1264 2532 (3)
1277 2489 1325 2521 Id.
1349 2489 1469 2531 absque

93 2553 186 2574 sensu
203 2554 341 2574 vemens
357 2545 398 2574 de
411 2542 569 2576 tzar-cabulo¹
600 2544 717 2576 Videat
732 2545 961 2576 correctionem
980 2545 1079 2576 lector
1097 2550 1126 2575 et
1140 2544 1272 2586 judicet.
1287 2562 1332 2567 —
1350 2544 1399 2587 (4)
1417 2547 1466 2578 Id.

92 2596 355 2644 sedis.—-(5)1d.
375 2602 531 2632 Romame
551 2601 812 2634 caeremoniae.—
822 2598 873 2646 (6)
888 2602 935 2633 Id.
953 2601 1073 2633 suadis.
1093 2600 1272 2643 Legenduni
1288 2601 1471 2634 forteantea

89 2665 153 2696 qno
167 2654 320 2696 impellis,
