1885 3284
284 319 427 351 sunno
463 316 584 359 κων,
624 317 678 349 nn
714 317 929 349 PAssmNE
969 316 1135 347 nomm
1173 316 1272 346 vni.
1382 300 1473 347 233

99 388 207 430 latro
219 385 381 428 furatus
398 393 460 427 est
474 384 525 426 de
543 383 657 441 ligno
672 383 983 426 damnationem
1000 399 1012 431 ;
1033 391 1074 422 ot
1092 381 1167 423 iste
1180 380 1306 422 Latro
1319 379 1477 422 furatus

101 459 163 493 est
182 452 232 493 de
255 451 370 507 ligno
393 449 531 492 crucis
554 451 754 497 saltumn
782 450 849 490 illo
875 448 1038 489 furatur
1062 448 1112 488 do
1141 447 1254 504 ligno
1277 445 1415 502 spinas
1438 453 1480 486 et

104 515 280 558 tribulos
296 549 306 565 ,
330 523 372 557 ct
396 515 472 556 isto
498 528 645 572 pacem
664 523 704 556 et
736 514 964 560 unitatenn
997 512 1067 553 itte
1103 510 1270 552 furatur
1291 510 1481 552 dolorem

101 580 248 622 mortis
264 613 274 628 ‚
300 589 342 622 et
365 580 442 621 isto
463 579 625 621 furatur
644 579 942 636 sempiternam
969 576 1121 624 vitani3
1148 577 1215 617 ille
1239 576 1376 617 socius
1398 573 1484 615 offi-

102 645 216 687 citur
235 645 558 692 daemoniorum,
582 652 622 685 et
642 643 719 685 istc
742 644 881 686 socius
901 641 1083 684 efficitur
1101 642 1356 697 Angelorum
1376 657 1386 689 ;
1415 639 1483 681 illo

102 709 276 767 in·ligno
298 710 464 751 furatur
489 724 643 766 panem
667 710 884 756 dolorum,
915 716 956 749 et
987 706 1064 749 isto
1097 706 1138 747 in
1170 706 1284 763 ligno
1317 706 1482 746 furatur

105 789 257 832 panem
287 775 575 831 Angelorun1;
606 775 683 816 iste
711 774 836 816 Latro
853 780 1069 815 mercatur
1098 771 1148 812 de
1170 772 1284 827 ligno
1309 771 1484 812 salutem

106 848 149 882 et
171 839 334 882 furatur
352 841 525 881 coelcste
546 840 854 881 habitaculum.
888 857 900 877 α
928 839 1119 894 Regnum
1143 837 1254 878 enim
1280 837 1485 878 coelorum

105 905 220 946 »vim
242 905 418 964 patitur,
444 912 486 945 et
505 904 676 946 violenti
706 904 911 961 diripiunt
934 903 1080 945 itlud¹.
1105 921 1121 942 υ

164 970 237 1011 111.
275 970 323 1011 In
351 983 480 1011 cruce
504 969 617 1010 enim
643 969 726 1010 duo
751 971 936 1011 latrones
962 976 1106 1013 erant,
1145 966 1233 1024 pari
1257 979 1381 1023 poena
1418 979 1491 1021 pu-

106 1035 348 1084 niebantur,
373 1046 415 1078 et
437 1043 578 1077 tamen
600 1050 707 1077 unus
721 1037 853 1077 malus
869 1067 879 1083 ,
903 1035 1005 1077 alius
1024 1032 1366 1075 bonuseffieitur.
1395 1030 1488 1073 Non

106 1115 207 1157 ergo
233 1115 354 1158 poena
372 1132 383 1150 ‚
420 1101 493 1142 sed
524 1114 647 1142 causa
671 1101 898 1157 Martyron]
936 1099 1036 1141 facit
1061 1100 1247 1140 beatum.
1287 1097 1333 1138 In
1358 1109 1487 1138 cruce

107 1165 245 1222 imago
262 1165 509 1207 Judaeorum
539 1174 580 1206 et
598 1165 846 1206 Gentilium.
886 1164 1013 1206 Latro
1045 1164 1157 1204 enim
1181 1162 1253 1219 qui
1276 1161 1453 1218 poenitet
1477 1190 1488 1208 ‚

105 1231 331 1289 imaginem
355 1230 619 1288 Paganornm
644 1231 775 1287 gerit,
802 1231 873 1287 qni
898 1230 1015 1287 prius
1035 1229 1074 1270 in
1099 1242 1244 1270 errore
1267 1226 1494 1268 ambulan-

105 1304 188 1345 tes,
214 1296 406 1338 videntes
431 1296 545 1353 signa
569 1296 611 1337 in
635 1298 741 1338 coeto
776 1305 818 1338 et
841 1297 883 1337 in
908 1304 1020 1337 terra
1041 1327 1051 1343 ,
1085 1293 1286 1336 dicebant
1317 1307 1359 1333 2«
1387 1291 1491 1333 Vero

106 1361 265 1403 »Filius
284 1360 362 1402 Dei
383 1368 474 1403 erat
496 1361 626 1410 iste-²3
653 1379 666 1399 n
702 1370 744 1402 et
765 1370 936 1418 pectora
960 1359 1263 1416 percutientes,
1291 1356 1490 1398 dicebant

105 1439 203 1467 cum
226 1425 407 1467 Latrone
445 1425 712 1468 :aMemento
736 1425 818 1466 mei
840 1458 851 1474 ,
871 1425 1052 1467 Domino
1070 1456 1080 1472 ,
1106 1438 1203 1465 cum
1227 1422 1291 1479 (ι)
1322 1419 1488 1462 veneris

104 1491 176 1533 nin
194 1505 372 1548 regnum
396 1500 517 1533 tuum
533 1490 562 1532 ³.
586 1509 602 1530 »
626 1491 859 1548 Imaginem
877 1505 977 1533 vero
1005 1489 1258 1532 Judaeorum
1282 1488 1352 1529 ille
1381 1486 1489 1527 latro

104 1556 228 1613 gerit,
259 1557 330 1613 qui
373 1570 508 1613 usque
532 1557 585 1598 ad
613 1555 741 1598 finem
770 1565 1009 1614 perseverat
1046 1557 1154 1598 latro
1195 1552 1484 1610 impoenitens.

103 1621 246 1664 Primo
266 1622 505 1664 ostenditur
533 1622 597 1662 via
621 1621 792 1674 salutis,
827 1631 869 1663 et
907 1623 1095 1664 secundo
1132 1617 1400 1677 perditionis.
1443 1617 1492 1658 In

105 1700 236 1728 cruce
259 1686 441 1742 deniqne
454 1685 582 1728 Latro
605 1687 753 1728 didicit
770 1702 913 1729 voram
929 1688 991 1742 (2)
1011 1684 1292 1727 differentiam
1309 1682 1490 1728 viarum3

105 1760 281 1809 propter
292 1767 427 1794 unum
449 1759 673 1808 peccatum
698 1753 926 1794 damnatur
948 1752 1347 1807 Adam‚otpropter
1364 1761 1491 1788 unam

105 1815 204 1858 fidei
229 1831 380 1859 vocem
403 1818 587 1859 salvatur
607 1816 732 1859 Latro
754 1834 764 1865 3
788 1832 921 1859 unum
943 1825 1164 1874 peccatum
1190 1814 1317 1871 ejecit
1337 1813 1457 1855 illum
1476 1844 1486 1861 ‚

106 1888 148 1923 et
168 1896 256 1924 una
279 1896 380 1924 voce
403 1883 587 1924 salvatur
604 1882 697 1924 iste.

165 1947 233 1990 IV.
270 1946 571 1989 O-admiranda
592 1961 735 1989 rerum
768 1948 965 1990 materies
993 1947 1077 2003 (ΞΜ
1108 1960 1187 1988 nec
1206 1942 1385 1986 Abrahae
1416 1958 1492 2000 per

105 2025 255 2054 vocem
288 2013 385 2054 data
407 2019 470 2054 est
495 2012 717 2069 promissio
735 2013 919 2056 Paradisi
938 2047 946 2061 ,
969 2015 1043 2055 sed
1067 2027 1141 2069 per
1160 2011 1287 2052 fidem
1309 2007 1490 2051 haercdi-

108 2076 221 2118 tavit.
246 2075 330 2119 Sed
345 2084 440 2118 ante
459 2077 686 2119 Latronem
704 2093 829 2119 nemo
848 2079 1033 2120 Paradisi
1059 2077 1352 2118 haereditatem
1376 2088 1491 2115 acce-

106 2141 180 2198 pit.
203 2141 525 2184 Perscrutemur
545 2158 660 2200 erge,
681 2143 843 2193 fratres,
863 2144 1030 2186 Novum
1045 2158 1091 2185 ac
1106 2142 1229 2184 Vetus
1241 2140 1489 2183 Testamen-

106 2214 224 2267 tum,
250 2208 416 2250 nullum
453 2208 643 2250 invenire
663 2210 900 2266 poterimus
929 2218 1023 2251 anto
1054 2209 1280 2251 Latronem
1303 2204 1489 2248 paradisi

107 2273 479 2328 repromissionem
501 2274 722 2318 meruisse.
762 2275 866 2318 Nam
887 2275 1051 2317 vocavit
1067 2275 1178 2317 Deus
1200 2273 1413 2315 Abraham
1433 2270 1492 2313 di-

108 2351 210 2379 cens
236 2352 280 2378 z«
303 2339 377 2381 Exi
399 2341 452 2382 de
475 2346 587 2382 terra
621 2348 692 2382 tua
724 2349 767 2383 et
791 2342 841 2383 de
866 2341 1114 2399 cognatione
1148 2338 1298 2390 tua43»
1331 2345 1372 2378 et
1403 2350 1489 2377 non

157 2461 170 2483 ¹
190 2460 309 2494 Matth.
335 2472 395 2500 xx,
423 2472 477 2495 12.
503 2480 548 2488 -
568 2460 583 2483 2
601 2461 648 2494 Id.
670 2473 777 2503 xxva,
797 2464 852 2501 54.
877 2480 920 2487 —
946 2461 961 2485 3
984 2466 1061 2495 Luc.
1087 2473 1192 2505 xxm,
1226 2463 1284 2499 43.
1308 2478 1352 2486 —
1377 2458 1390 2483 ⁴
1407 2461 1490 2504 Gen·

110 2527 182 2557 κη,
208 2527 236 2549 1.

157 2600 414 2646 (1)Co‹1.dum.
431 2623 476 2631 —
491 2607 538 2650 (3)
559 2607 605 2638 Id.
626 2608 730 2642 viam.
764 2627 808 2634 -
831 2607 881 2653 (4)
906 2611 981 2641 flaec
1007 2608 1096 2652 qnasi
1122 2608 1161 2640 ad
1188 2608 1318 2640 verbum
1346 2608 1493 2650 teguntur

115 2660 151 2694 in
184 2661 329 2693 Sermon.
350 2671 448 2705 supra
479 2663 595 2701 citato,
622 2674 737 2707 nempe
760 2665 862 2698 Serm.
880 2664 921 2696 de
937 2664 1080 2696 secunda
1091 2664 1182 2704 feria
1200 2663 1348 2701 Paschoe,
