1885 3284
185 319 327 349 sERMO
354 319 483 348 Lxxlx
502 338 512 355 7
543 317 586 345 ΙΝ
617 314 949 346 DECOLLATIONE
976 317 1009 346 S.
1042 316 1232 347 JOANle
1262 319 1386 350 BAPT.
1414 322 1442 351 1.
1490 307 1547 365 67

184 399 283 428 cum
311 398 439 427 uxore
463 382 606 426 fratris
635 392 789 425 temere
810 381 1351 430 nieditabaturincestuni.
1380 385 1547 439 Solum,

182 453 390 515 inquam,
419 452 599 497 -loannis
618 462 753 514 caput
772 450 958 496 saltatrix
980 452 1140 513 puella.
1161 453 1359 513 instigata
1385 457 1551 500 monitu

184 525 355 579 matris,
381 522 638 585 expostulat.
663 521 781 577 Quid
829 521 1082 583 «caputviri
1104 523 1177 584 qui
1209 523 1412 569 Christus
1429 536 1514 579 est,
1532 546 1552 566 ›)

182 593 399 638 luxuriosa
420 592 661 656 insequitur
687 592 911 654 Synagoga
932 594 949 636 P
981 591 1140 637 Gladio
1168 593 1445 655 spiculatoris
1468 595 1551 640 ab-

180 664 356 709 scissum
380 664 589 726 Baptistae
617 673 754 724 caput
773 661 825 706 ad
855 660 1090 706 triclinium
1113 663 1329 707 carnificis
1354 665 1547 719 affertur,

180 734 328 780 adhuc
368 733 694 797 quodammodo
716 733 944 778 Christum
981 731 1252 794 praedicans,
1287 733 1434 779 adhuc
1459 735 1550 779 He-

180 803 328 850 rodem
349 802 613 849 moribunda
634 803 783 863 lingua
809 802 1034 861 castigans.
1068 803 1165 847 Ictu
1195 803 1330 848 subiti
1363 804 1553 849 vulneris

179 874 298 919 color
318 875 524 920 confusus
541 874 610 936 (1)
633 873 865 919 errabatin
886 872 1010 918 vultu
1032 909 1043 925 ,
1068 889 1146 918 nec
1172 883 1316 918 totum
1349 874 1552 920 ruborem

179 944 362 991 viventis
381 945 616 990 excluserat
632 943 773 1007 pallor
792 943 938 989 occisi.
973 943 1082 988 Nam
1101 943 1132 988 si
1161 944 1378 1003 integrum
1405 944 1554 990 homi-

179 1032 277 1060 nem
301 1016 527 1079 repentina
549 1033 663 1061 mors
682 1015 950 1078 diripuerat,
975 1014 1018 1059 in
1041 1031 1113 1059 ore
1131 1015 1313 1060 Joannis
1333 1032 1419 1061 non
1440 1015 1553 1061 nihil

180 1085 396 1132 residebat
418 1104 465 1132 ex
487 1088 590 1132 vita.

242 1156 294 1203 V.
339 1157 379 1202 O
397 1173 588 1202 mensam
605 1154 908 1201 execrabilem!
932 1171 957 1200 o
972 1154 1222 1200 convivium
1234 1154 1554 1212 detestandum,

181 1227 258 1272 ubi
285 1227 477 1273 hominis
501 1237 639 1272 morte
672 1225 858 1281 luditur,
885 1225 960 1271 ubi
987 1225 1227 1288 Prophetae
1259 1226 1556 1272 internecione

179 1297 378 1353 saltatur,
395 1308 438 1343 et
455 1298 644 1361 pretium
664 1297 904 1359 voluptatis
921 1296 1095 1355 sanguis
1115 1295 1333 1341 humanus
1349 1307 1427 1352 est,
1450 1298 1558 1342 Pro-

180 1367 328 1430 phetae
352 1379 486 1432 caput
518 1368 573 1414 ad
603 1368 833 1431 epularum
855 1367 991 1412 vicem
1022 1366 1358 1411 convivantibus
1375 1367 1558 1412 exhibe-

180 1449 271 1493 tur,
286 1449 328 1483 et
340 1439 485 1484 sitiens
500 1456 587 1484 non
606 1439 706 1483 vino
729 1437 965 1500 promitur,
986 1436 1058 1481 sed
1074 1436 1243 1481 cruore!
1271 1437 1445 1482 Furiosa
1466 1452 1557 1481 cae-

180 1506 313 1554 citas!
338 1508 528 1553 Joannes
551 1518 724 1553 sanctus
742 1508 784 1565 in
806 1507 892 1552 hoc
908 1506 1118 1568 martyrio
1139 1506 1240 1550 vitae
1261 1518 1434 1551 aeternae
1446 1521 1558 1568 prae-

185 1577 321 1624 mium
367 1578 551 1634 meruit,
597 1589 639 1623 et
680 1576 875 1624 Herodes
922 1577 976 1622 ad
1015 1575 1249 1621 exolvenda
1288 1576 1559 1638 Martyribus

181 1648 347 1695 inflicta
375 1649 444 1712 (2)
470 1647 690 1712 supplicia
710 1685 720 1704 ,
748 1647 969 1708 Judicium
994 1646 1069 1692 Dei
1096 1647 1219 1692 vivus
1237 1647 1437 1692 incurrit.

228 1778 275 1815 ἧι)
294 1773 373 1807 Cod.
391 1775 481 1805 color
499 1785 565 1805 uon
578 1775 687 1814 simus.
706 1789 750 1795 —
785 1770 820 1816 2)
837 1774 912 1802 Vox
935 1771 1060 1812 inflicta
1081 1771 1165 1802 deest
1189 1771 1219 1802 in
1236 1770 1361 1808 codice,
1393 1771 1447 1813 qui
1465 1771 1558 1802 etiam

181 1830 277 1863 habet
294 1831 523 1864 exolvendum.
