1868 3301
152 282 297 313 suano
319 280 429 320 Lxu,
457 279 511 309 nn
536 277 909 309 AanNTlA'rloNE
940 276 1091 306 ssssA‘rAE
1117 276 1285 309 MAmAE.
1363 263 1454 310 333

90 367 106 386 ι»
123 362 193 390 vos
213 347 320 395 est¹‚
345 365 360 386 ι
388 352 429 388 et
464 352 610 386 contra
635 358 770 385 meam
795 343 1052 389 doctrinam,
1077 350 1119 383 et
1142 351 1288 384 contra
1312 358 1459 386 omnes

89 428 229 462 meos3
251 414 372 472 plane
390 399 635 454 tamen'hoc
665 409 745 464 (ι),
769 409 809 451 in
834 410 946 466 quod
966 408 1135 449 intravit
1155 407 1300 459 Jesus,
1327 409 1464 466 singn-

90 480 220 522 larem
259 487 301 520 et
337 478 630 519 intemeratam
670 475 872 532 virginem
888 509 898 523 ,
947 473 1194 531 genitricem
1238 474 1428 529 ejusdem
1449 507 1462 525 ,

94 545 206 587 salva
246 544 559 600 Scripturarum
592 542 732 598 regula
750 574 759 589 ‚
785 556 860 598 pro
883 539 1155 582 similitudine
1180 542 1371 597 accipere
1396 556 1468 584 vo-

91 611 246 652 lumus.
286 609 513 650 Castellum
545 607 726 664 denique
764 607 919 649 dicitur
954 605 1152 663 quaelibet
1190 607 1314 647 turris
1346 623 1468 650 muro

94 677 233 732 aliquo
257 675 551 721 circumdata3
582 672 827 729 hujusmodi
864 673 1081 715 castellum
1116 686 1200 712 non
1235 671 1470 730 incongrue

92 742 220 787 Maria
233 741 404 789 dicitur,
423 740 518 797 quia
532 739 746 797 virginitas
762 740 913 782 mentis
932 738 1172 796 etcorporis
1190 739 1306 795 quasi
1326 755 1472 783 murus

97 808 403 853 circumdatus,
424 807 464 847 in
484 814 645 848 tantum
659 814 704 847 ut
730 807 868 848 nullus
891 819 1083 847 accessus
1106 803 1290 846 libidinis
1314 807 1468 849 adeam

97 872 255 914 intrare
278 871 463 929 potuerit
484 872 556 927 (2).
591 871 643 912 Et
681 871 775 927 quia
815 870 886 912 ubi
925 870 983 926 (5)
1017 869 1148 912 libido
1188 869 1470 927 virginitatem

95 952 294 996 superare
324 952 408 979 non
433 944 591 994 potest,
620 938 725 978 solet
748 936 995 994 impugnare
1025 935 1246 992 superbia,
1290 936 1388 979 inde
1416 937 1480 995 (4)

97 1012 159 1047 est
181 1003 368 1058 etiam-in
391 1003 538 1044 eadem
552 1001 724 1060 Virgine
744 1002 870 1044 turris
899 999 1170 1051 humilitatis,
1197 1016 1288 1058 quae
1306 1018 1326 1043 a
1341 1004 1472 1045 muris

96 1068 343 1126 virginitatis
366 1083 536 1110 omnem
558 1068 740 1124 expellat
759 1066 1013 1125 superbiam.
1042 1067 1195 1109 Ideoin
1219 1067 1377 1125 virgine
1397 1083 1474 1112 nec

97 1134 281 1193 peritura
303 1133 532 1190 virginitas,
551 1148 628 1175 nec
653 1133 884 1181 humilitas,
904 1134 977 1174 sed
995 1147 1161 1190 semper
1183 1132 1223 1174 in
1245 1135 1393 1175 eadem
1410 1135 1469 1192 (5)

97 1213 375 1258 permansura
395 1207 485 1240 erat
501 1207 542 1240 et
565 1200 918 1256 reservata'super
940 1213 1086 1240 omnes
1108 1199 1333 1256 virginitas.

157 1265 209 1307 Il.
247 1265 312 1307 Ad
336 1265 445 1306 hanc
467 1264 594 1321 igitur
618 1263 833 1321 Virginem
864 1265 1046 1307 mittitur
1068 1264 1262 1314 Gabriel,·
1307 1275 1349 1308 et
1382 1267 1474 1323 quis

99 1338 163 1373 est
188 1330 264 1371 iste
282 1329 478 1378 Gabriel,
507 1329 585 1371 nisi
611 1329 747 1385 major
764 1330 950 1372 paradisi
976 1330 1192 1387 Angelus?
1213 1330 1294 1373 Iste
1322 1333 1477 1390 quippe

101 1396 153 1437 ad
175 1393 389 1451 Virginem
407 1403 649 1436 reverenter
668 1395 865 1444 mittitur,
892 1404 1048 1438 etcum
1071 1396 1123 1437 ab
1147 1397 1308 1453 Angelo
1321 1398 1478 1454 virgini

101 1461 362 1517 desponsatae
394 1459 524 1502 Filius
564 1460 624 1516 (6)
671 1461 989 1514 promitteretur
1010 1494 1019 1509 ,
1061 1463 1278 1518 respondit
1318 1463 1445 1505 Maria
1469 1480 1477 1506 :

110 1543 127 1564 ι
150 1526 379 1576 Quomodo
406 1524 477 1567 siet
497 1524 607 1568 istud
625 1524 638 1546 ²
655 1527 702 1567 ‘?»
729 1527 944 1568 Attendite
966 1559 977 1573 ‚
1008 1525 1178 1575 fratres,
1200 1529 1314 1583 quod
1337 1528 1369 1570 si
1394 1528 1480 1570 cui-

101 1591 204 1633 libet
226 1591 486 1647 desponsatae
506 1591 719 1633 diceretur
743 1607 752 1633 t
778 1591 933 1634 Filium
949 1591 1140 1640 habebis,
1160 1607 1242 1633 non
1258 1593 1483 1636 miraretur

88 1652 183 1698 ‘nec
203 1655 482 1713 interrogaret
505 1673 548 1705 ;α
565 1657 793 1708 Quomodo
817 1656 890 1698 fiet
912 1656 1075 1699 istudi'»
1104 1658 1201 1714 quia
1220 1674 1296 1700 usu
1320 1669 1481 1703 naturae

104 1717 309 1779 gravidari
330 1721 416 1778 jam
441 1721 566 1763 sciret
584 1730 625 1763 et
648 1731 846 1780 speraret.
871 1721 954 1764 Sed
975 1723 1072 1779 quia
1096 1724 1376 1780 virginitatem
1391 1727 1481 1770 Deo

103 1787 353 1845 promiserat
371 1819 379 1832 ,
418 1788 779 1842 quemadmodum
821 1803 996 1845 sponsus
1031 1787 1122 1844 ejus
1161 1788 1324 1847 Joseph
1340 1824 1349 1838 ,
1384 1791 1479 1833 idco

106 1852 279 1894 audiens
304 1867 347 1893 se
370 1852 427 1908 (7)
450 1852 739 1909 impraegnafl,
770 1853 826 1895 ait
844 1856 882 1895 :kt
899 1853 1125 1905 Quomodo
1150 1853 1221 1897 fiet
1243 1855 1383 1898 istud?
1401 1857 1482 1900 »Et

86 1908 251 1960 'audito
272 1931 473 1979 responso
489 1950 500 1966 ,
525 1919 697 1960 elevatis
717 1921 767 1961 ad
791 1921 944 1961 coelum
965 1920 1189 1968 manibus,
1226 1936 1308 1963 non
1346 1923 1480 1981 Ange-

108 1983 246 2024 lorum
283 1982 495 2024 dominam
512 2016 522 2032 ,
563 1999 647 2025 non
689 1984 870 2026 Paradisi
901 1996 1065 2042 portam
1085 2019 1093 2032 ‚
1129 2001 1214 2027 non
1253 1988 1482 2032 sanctitatis

107 2046 310 2096 sormam,
332 2063 414 2089 non
435 2049 752 2105 desperatorum
780 2059 979 2100 matrem,
1002 2066 1084 2092 non
1108 2051 1354 2109 virginitatis
1371 2056 1485 2113 prin-

108 2112 267 2169 cipium
284 2146 293 2160 .
320 2128 404 2154 non
428 2114 670 2157 columnam
701 2117 873 2174 templi,
907 2132 990 2158 non
1016 2117 1141 2158 maris
1163 2128 1356 2174 portum,
1398 2137 1480 2164 non

108 2178 360 2220 miserorum
388 2179 548 2220 veniam
566 2213 575 2226 ‚
597 2195 680 2222 non
703 2182 908 2224 coelorum
928 2183 1105 2229 scalam,
1133 2198 1218 2225 non
1244 2185 1482 2242 reginarum

110 2243 323 2300 reginam,
358 2258 441 2285 non
467 2246 603 2286 metus
625 2245 686 2303 (8)
710 2246 984 2305 fugatricem,
1011 2263 1093 2289 non
1118 2250 1263 2292 mortis
1285 2252 1484 2295 obstacu-

111 2308 221 2358 lum,
243 2323 328 2350 non
350 2309 458 2352 viam
481 2310 597 2359 vitm,
635 2326 719 2354 non
751 2314 955 2356 coelorum
979 2315 1150 2366 lumen,
1187 2330 1269 2358 non
1308 2316 1482 2361 Matrem

159 2425 172 2448 ¹
190 2426 311 2461 Matth.
329 2438 396 2467 xxi,
417 2427 538 2463 2.-²
556 2431 629 2463 Luc.
658 2442 682 2473 r,
703 2433 759 2469 34.

162 2505 213 2554 (ι)
229 2510 311 2543 Cod.
329 2508 391 2543 hic.
410 2528 454 2534 -——
478 2511 525 2555 ζα)
548 2512 594 2544 [d.
613 2515 781 2555 potuisset.
796 2532 839 2539 —
863 2513 913 2558 (3)
938 2517 1034 2547 Deest
1055 2516 1108 2546 ubi
1126 2516 1157 2547 in
1179 2516 1268 2558 cod.‚
1292 2519 1347 2560 qui
1373 2519 1488 2552 dein-le

117 2565 212 2599 habet
231 2567 343 2617 possit:
364 2585 406 2592 —-
436 2570 485 2611 (4)
505 2569 586 2601 Cod.
618 2572 770 2618 ubnde.—·
792 2568 843 2618 (5)
860 2573 907 2603 m.
926 2573 1087 2605 eamdem.
1102 2590 1149 2597 —
1178 2573 1228 2617 (6)
1251 2575 1445 2618 Deestfilius
1459 2579 1491 2610 in

117 2621 188 2654 cod.
210 2641 250 2646 --
270 2621 316 2663 27)
333 2625 428 2654 Deest
444 2634 478 2652 se
491 2624 524 2655 in
542 2624 613 2658 cod.
631 2642 674 2648 —-
691 2628 738 2668 (8)
758 2627 838 2660 Cod.
858 2629 980 2661 mortis.
