1868 3301
326 298 469 329 SERMO
507 298 658 332 Lxxxt.
701 301 754 330 DE
792 300 996 330 COMMVN!
1042 299 1300 333 wAR'rYRUM.
1412 292 1502 352 429

133 372 418 425 portaverunt.
448 364 486 406 O
507 380 632 421 quam
667 367 894 424 gloriosum
933 375 1213 424 sanctumque
1250 371 1307 424 (i)
1352 371 1507 428 suppli-

134 432 267 489 cium}
291 429 396 473 Nam
415 429 506 471 illos
530 431 766 480 examinat,
792 440 836 473 ut
869 447 942 473 nos
970 432 1155 481 erudiat3
1178 433 1268 475 illos
1293 437 1475 478 conterit
1494 470 1505 485 ,

134 505 265 540 utnos
284 495 498 553 acquirat3
520 496 687 538 illorum
710 498 836 539 etiam
860 498 1114 546 trucidatus,
1131 507 1295 541 nostros
1314 502 1400 542 vult
1416 516 1506 543 esse

133 563 361 621 profectus,
383 563 479 620 quia
498 562 731 620 Martyrum
755 564 900 606 merita
927 572 1066 606 nostra
1091 565 1178 605 vult
1193 580 1282 606 esse
1293 565 1506 624 suffragia.

134 629 249 680 Quid
271 628 494 687 pretiosius
518 643 702 685 namque
717 663 729 678 ,
773 629 922 672 fratres
937 662 946 679 ‚
976 645 1101 686 qnam
1130 644 1242 671 mors
1263 642 1509 675 sanctorum

133 694 387 752 Martyrum,
413 703 587 752 propter
610 710 736 751 quam
763 695 1036 737 dimittuntur
1069 695 1248 744 delicta,
1284 698 1512 740 destruun-

133 768 204 801 tur
238 759 381 818 impii,
417 760 736 802 confunduntur
770 761 962 818 tyranni,
996 761 1103 802 devii
1127 759 1318 804 infideles
1341 777 1513 806 conver-

134 833 302 874 tuntur,
327 834 370 867 et
391 841 540 867 eorum
561 826 709 868 merita
734 828 990 868 aemulantur
1007 841 1105 868 cum
1127 827 1313 869 nostris?
1345 829 1382 870 O
1401 844 1513 871 mors

135 899 380 933 sanctorum
399 890 657 946 Martyrum,
689 891 943 933 delictorum
968 890 1062 933 finis
1079 923 1088 939 ‚
1115 891 1312 947 perituris
1338 894 1421 935 dux
1446 909 1514 936 sa-

132 956 248 1004 lutis,
270 955 481 1013 patientiae
505 956 701 1012 magistra
716 957 777 1012 (2)
801 966 842 998 et
864 965 1029 998 aetcrnae
1049 957 1141 999 vitae
1160 958 1334 999 domus!
1357 958 1394 1001 Ο
1410 959 1516 1001 Mar-

134 1029 271 1077 tyres,
304 1019 461 1062 fiducia
482 1018 580 1062 fidei
614 1036 738 1073 meae,
764 1023 921 1078 quibus
942 1022 1138 1064 laudibus
1165 1038 1233 1064 vos
1259 1024 1514 1080 praedicem,

133 1087 289 1143 quibus
309 1086 484 1128 vocibus
504 1101 576 1127 vos
601 1101 802 1129 exornem
831 1087 993 1143 ignoro.
1009 1087 1047 1130 Ο
1069 1087 1296 1145 Martyres,
1319 1090 1514 1133 leonibus

135 1151 332 1194 fortiores
350 1184 360 1202 ,
381 1151 528 1208 aquilis
549 1152 782 1195 velociores
798 1187 808 1203 ,
835 1168 938 1195 voce
964 1153 1095 1195 libera
1121 1163 1351 1210 menteque
1370 1155 1513 1197 incor-

136 1225 259 1274 rupta
279 1249 290 1265 ,
313 1231 399 1258 non
419 1217 546 1258 armis
564 1219 818 1260 saeculorum
840 1218 1096 1272 armati‚sed
1117 1217 1236 1260 fidei!
1263 1219 1514 1263 Audivimus

135 1296 208 1323 vos
229 1281 392 1324 stetisse
414 1296 492 1338 pro
512 1282 684 1324 nomine
704 1285 807 1325 Jesu
834 1292 964 1325 tortos
979 1316 989 1331 ‚
1013 1284 1086 1325 sed
1115 1283 1346 1326 tortoribus
1363 1284 1515 1327 sortio-

135 1362 203 1390 res
218 1380 227 1396 ‚
253 1355 296 1390 et
312 1349 575 1404 pulsantibus
591 1383 600 1397 ,
624 1358 666 1391 et
678 1349 970 1407 frangentibus
985 1383 995 1398 ,
1020 1349 1297 1407 membraque
1316 1351 1516 1394 lanianti-

135 1412 241 1461 bus,
266 1427 315 1454 ac
332 1414 509 1470 ungulas
532 1414 811 1457 evellentibus
837 1415 1172 1471 (5).1mmobi1es
1188 1430 1260 1457 vos
1279 1416 1516 1459 audivimus

136 1478 444 1535 permansisse,
479 1479 671 1535 quamvis
705 1480 777 1522 diu
805 1482 928 1538 plaga
949 1480 1128 1537 repetita
1160 1480 1202 1522 in
1235 1481 1352 1523 vobis
1371 1482 1509 1525 suerit.

135 1542 254 1585 Licet
275 1543 381 1601 ignis
398 1543 527 1586 verba
549 1553 593 1586 et
618 1545 795 1587 verbera
831 1545 949 1587 vobis
980 1545 1139 1588 fuerint
1154 1577 1163 1593 ,
1188 1545 1289 1589 licet
1310 1561 1517 1605 compago

136 1608 345 1651 viscerum
366 1618 489 1666 rupta
527 1609 653 1652 fuerit
694 1611 752 1665 (Δ)
776 1643 786 1659 ,
822 1611 925 1652 licet
957 1610 1228 1652 flammarum
1270 1612 1516 1653 incendium

135 1674 243 1732 passi
265 1673 426 1716 fueritis
449 1689 525 1731 pro
547 1674 701 1716 Christi
719 1674 914 1723 nomine,
939 1674 1119 1731 glorioso
1135 1683 1275 1716 tamen
1298 1675 1517 1734 triumpho

138 1740 191 1782 ad
216 1754 343 1797 regna
376 1741 582 1782 coelorum
618 1740 894 1782 decantamus
935 1740 1141 1782 hodierna
1167 1740 1234 1782 die
1268 1742 1510 1785 collocatos.

141 1804 212 1847 Isti
227 1805 410 1862 denique
432 1813 554 1855 sunt,
576 1804 725 1847 fratres
751 1804 1010 1853 charissimi,
1042 1805 1374 1862 triumphatores
1395 1822 1517 1850 vera-

137 1884 230 1918 ces,
255 1885 360 1927 quos
384 1870 608 1928 aliquando
634 1870 786 1912 vidisse
805 1870 845 1912 in
867 1869 1008 1912 Al'rica
1033 1871 1193 1927 optime
1220 1871 1513 1922 recordamur,

138 1935 298 1977 catenis
324 1935 553 1992 religatos,
592 1935 778 1977 vestibus
815 1936 1040 1992 spoliat0s;
1075 1951 1159 1977 non
1195 1945 1334 1978 tamen
1365 1939 1513 1995 culpa,

138 2000 212 2042 sed
235 1998 319 2042 fide
334 2002 535 2057 praeclara
558 2000 686 2057 pedes
700 2000 897 2057 religatos
909 2000 1139 2048 habebant,
1153 2000 1320 2057 quinon
1339 2017 1360 2044 a
1378 2003 1515 2052 fabro,

139 2066 213 2106 sed
229 2079 250 2106 a
273 2066 360 2107 sole
386 2065 621 2107 resolvendi
643 2067 724 2123 (5),
747 2073 790 2107 et
817 2073 919 2107 tunc
944 2065 984 2106 in
1010 2080 1114 2122 pace
1133 2080 1232 2107 cum
1256 2081 1318 2109 eo.
1334 2067 1515 2125 Opedes

140 2129 183 2172 in
195 2132 349 2172 saeculo
366 2130 631 2188 religati‚sed
643 2131 839 2173 celeriter
857 2131 996 2173 etcito
1015 2131 1200 2182 liberati,
1225 2133 1276 2173 ad
1301 2133 1517 2177 Christum

139 2195 321 2252 glorioso
342 2195 492 2238 itincre
515 2197 782 2254 percursuril
805 2197 875 2238 Isti
901 2204 998 2238 sunt
1021 2196 1096 2238 viri
1116 2197 1249 2238 sancti
1272 2196 1514 2249 fortissimi,

141 2268 347 2303 terrorem
369 2262 613 2311 domantes,
652 2262 845 2319 spiritum
881 2263 1154 2313 roborantes,
1193 2262 1419 2306 virtutihus
1442 2280 1518 2308 co-

143 2334 386 2376 ruscantes,
415 2335 580 2369 terrena
613 2327 918 2384 despicientes,
951 2327 1135 2369 coelestia
1159 2336 1416 2385 appetentes.
1444 2329 1516 2372 Isti

141 2398 237 2432 sunt
255 2391 327 2448 qui
349 2391 488 2434 occidi
510 2400 711 2449 possunt,
743 2391 859 2435 flecti
885 2407 1171 2449 nequaquam;
1204 2408 1284 2435 nec
1308 2395 1515 2438 sustinere

189 2507 243 2556 (1)
261 2510 339 2544 Cod.
353 2519 551 2545 sanctorum.
563 2528 608 2535 -
627 2514 675 2553 (2)
691 2511 739 2545 Id.
756 2512 921 2554 magister.
938 2531 980 2536 -—-
999 2513 1048 2557 (3)
1062 2512 1111 2546 [d.
1122 2513 1519 2556 pulsantes...frangen-

141 2574 201 2600 tes.
210 2589 231 2599 ‚.
245 2566 443 2598 lanientes...
458 2567 640 2601 evellentes.
653 2584 700 2591 -
713 2566 764 2611 (4)
778 2567 825 2599 1d.
842 2569 916 2600 licet
928 2579 1087 2609 compage
1098 2568 1242 2609 undique
1254 2569 1519 2610 retortafuerine.

142 2638 187 2646 ·—-
203 2620 253 2665 (5)
272 2621 321 2654 Id.
342 2622 462 2653 resolvi.
