1885 3284
317 257 401 304 152
707 276 742 307 s.
784 275 1027 305 Aucusrim
1063 275 1265 306 EPIscol’l

307 338 374 384 Tu
390 338 549 385 vallum
560 340 606 386 in
620 340 890 404 expeditione
901 342 1166 387 currentium
1177 380 1187 397 ‚
1207 353 1253 388 tu
1271 343 1460 389 munitio
1472 342 1648 389 fortium
1659 381 1670 398 ‚

304 420 350 455 tu
379 411 636 474 praesidium
673 412 823 458 cedere
859 413 1142 458 nescientium
1183 413 1466 461 bellatorum.
1502 415 1675 460 Fremat

302 480 495 527 hostium
527 482 790 528 circumfusa
809 484 1050 539 barbaries‚
1076 484 1283 530 accedant
1302 503 1402 531 cum
1431 485 1672 549 (i)phala-

302 551 431 606 Ticis,
473 552 650 598 missilia
673 555 942 613 jaculentur,
979 555 1247 600 vibrantium
1281 556 1524 615 gladiorum
1555 556 1675 619 sylva

304 622 548 679 densescat3
562 624 640 686 qui
651 625 1122 681 vitaesunteremiticae,
1140 625 1272 671 lorica
1287 626 1385 671 fidei
1398 628 1672 689 praemuniti,

301 693 385 738 sub
409 693 684 757 imperatoris
705 696 771 740 sui
798 696 960 741 invicta
979 697 1250 760 protectione
1271 697 1540 760 tripudiant,
1564 709 1605 743 et
1621 698 1674 743 de

301 763 496 810 hostium
519 781 696 811 suorum
722 777 838 812 certa
857 770 949 826 jam
975 767 1218 826 dejectione
1244 768 1537 831 triumphant.
1564 769 1674 824 Qui-

299 833 383 880 bus
403 835 610 881 nimirum
645 836 810 882 dicitur
841 856 851 882 :
874 860 889 873 «
917 838 1126 882 Dominus
1151 838 1368 900 pugnabit
1403 856 1483 902 pro
1518 839 1670 895 vobis,

299 927 315 945 n
332 915 374 950 et
394 922 470 951 vos
493 907 722 953 tacebitis1
743 928 754 960 ;
779 930 796 950 ›>
816 908 884 954 vel
908 909 941 953 si
964 925 1076 953 unus
1099 919 1160 954 est
1188 927 1199 953 ε
1221 930 1241 949 α
1262 909 1361 954 Noli
1380 947 1390 964 ‚
1421 910 1592 972 inquit,
1618 910 1674 954 ti-

295 998 310 1016 »
328 992 466 1030 mere3
493 977 638 1040 plures
661 978 775 1024 enim
809 980 1041 1025 nobiscum
1063 991 1188 1035 sunt,
1219 996 1351 1042 quam
1372 997 1475 1025 cum
1500 980 1627 1027 illis2.
1653 1002 1674 1022 ›>

299 1046 339 1093 O
359 1064 527 1094 eremus
543 1085 553 1103 ,
581 1066 695 1095 mors
714 1050 919 1096 vitiorum
940 1088 949 1105 ,
968 1068 1017 1096 ac
1033 1051 1190 1114 procul
1219 1051 1358 1096 dubio
1374 1050 1511 1096 fomes
1532 1062 1575 1096 et
1587 1051 1676 1096 vita

298 1118 509 1164 virtutum
530 1120 540 1165 1
561 1120 622 1165 Te
644 1119 709 1166 lex
729 1121 889 1167 attollit
905 1159 915 1174 ,
946 1132 984 1166 te
1003 1121 1240 1184 prophetia
1267 1121 1468 1171 miratur,
1499 1132 1539 1166 et
1573 1121 1675 1184 qui-

294 1205 485 1252 cumque
509 1189 562 1235 ad
601 1190 885 1253 perfectionis
925 1191 1153 1237 cumulum
1193 1203 1512 1254 pervenerunt,
1553 1204 1678 1237 tuum

301 1275 458 1304 novere
475 1261 765 1323 praeconium,
794 1264 932 1307 Porro
953 1262 1034 1307 tibi
1053 1263 1222 1323 Moyses
1239 1261 1368 1306 debet
1383 1262 1485 1322 legis
1510 1263 1576 1307 bis
1605 1280 1681 1308 ac-

302 1340 442 1392 ceptae
461 1330 716 1391 decalogum
740 1353 751 1386 ;
779 1350 857 1396 per
874 1344 915 1378 te
942 1332 1054 1378 Elias
1080 1333 1255 1391 agnovit
1277 1333 1451 1378 Domini
1472 1345 1681 1396 pertran—

303 1400 462 1445 seuntis
481 1417 706 1447 excursum
727 1423 737 1455 ;
762 1420 840 1466 per
863 1415 904 1449 te
931 1403 1095 1448 Eliseus
1119 1402 1340 1465 duplicem
1374 1404 1565 1463 magistri
1587 1421 1682 1449 sor-

306 1471 410 1516 titus
430 1482 491 1516 est
525 1472 725 1534 spiritum
747 1494 758 1527 3
787 1484 828 1518 et
865 1473 971 1536 quid
996 1473 1183 1536 amplius
1203 1474 1346 1518 dicam
1368 1512 1377 1521 .
1403 1475 1684 1538 quandoqui-

305 1541 402 1586 dem
424 1541 622 1587 Salvator
645 1543 798 1588 mundi
822 1546 866 1589 in
895 1545 988 1607 ipso
1011 1543 1329 1606 redemptionis
1356 1544 1566 1590 humanae
1591 1546 1685 1608 pri-

302 1611 474 1657 mordio
488 1629 741 1675 praeconem
771 1631 895 1659 suum
922 1615 985 1659 tui
1005 1614 1071 1677 (2)
1097 1614 1287 1659 accolam
1310 1614 1439 1670 fecit,
1471 1627 1687 1678 quatenus

301 1683 383 1728 sub
414 1683 505 1745 ipsa
526 1686 619 1742 jam
645 1683 794 1729 saeculi
816 1685 1027 1729 venientis
1053 1702 1210 1730 aurora
1232 1722 1242 1737 ,
1277 1702 1324 1730 cx
1342 1696 1384 1730 te
1401 1686 1558 1731 lucifer
1578 1685 1687 1731 veri-

311 1753 409 1798 tatis
432 1764 695 1816 erumperet,
722 1765 823 1817 post
843 1772 972 1818 quem
994 1755 1062 1816 (3)
1081 1754 1233 1818 plenus
1254 1754 1318 1800 sol
1340 1757 1513 1801 veniens
1534 1755 1688 1801 mundi

310 1824 539 1884 caliginem
556 1824 801 1887 splendoris
816 1827 882 1871 sui
900 1825 1031 1871 radiis
1045 1826 1300 1871 illustraret?
1314 1827 1381 1870 Tu
1398 1826 1511 1871 scala
1526 1828 1686 1879 Jacob,

309 1912 409 1958 quae
431 1895 629 1940 homines
652 1897 774 1941 veliis
796 1897 849 1941 ad
872 1897 1034 1942 coelum
1053 1935 1062 1950 ‚
1090 1908 1131 1942 et
1157 1896 1344 1955 Angelos
1366 1896 1418 1941 ad
1442 1897 1688 1943 humanum

310 1965 493 2028 deponis
522 1965 746 2012 auxilium.
785 1967 853 2012 Tu
891 1968 958 2012 via
987 1984 1114 2012 aurea
1134 2004 1144 2019 ‚
1172 1983 1272 2029 quae
1297 1966 1497 2011 homiues
1521 1967 1692 2012 reducis

311 2035 365 2081 ad
394 2036 605 2095 patriam3
633 2048 678 2082 tu
703 2037 893 2082 stadium
914 2074 924 2093 ‚
955 2037 1074 2101 quod
1102 2038 1213 2082 bene
1236 2048 1457 2082 currentes
1480 2038 1692 2100 provehis

308 2105 363 2151 ad
381 2107 659 2153 coronam.O
674 2107 763 2152 vita
782 2108 1002 2153 eremitica
1021 2146 1031 2161 ‚
1050 2107 1255 2153 balneum
1280 2108 1522 2154 animarum
1543 2147 1552 2157 .
1578 2126 1693 2154 mors

309 2177 566 2233 criminum,
590 2180 1201 2240 purgatoriumsordidorum.
1215 2181 1283 2224 'l'u
1303 2180 1511 2225 mentium
1531 2191 1693 2225 secreta

313 2247 526 2311 purificas
547 2285 557 2304 ‚
585 2249 803 2311 squalores
826 2249 1036 2295 scelerum
1064 2250 1194 2295 diluis
1221 2288 1231 2301 ,
1261 2261 1391 2314 atque
1412 2251 1465 2296 ad
1488 2250 1694 2310 angelicae

310 2321 497 2365 nitorem
524 2321 752 2368 munditiae
775 2323 1002 2385 pervenire
1029 2322 1194 2367 animas
1222 2321 1342 2368 facis.
1377 2323 1498 2367 Cella
1538 2339 1694 2385 nempe

310 2403 372 2438 est
393 2392 739 2439 conciliabulum
763 2393 846 2439 Dei
865 2431 876 2442 ,
904 2404 946 2440 et
967 2393 1201 2439 hominum
1225 2394 1469 2456 compitum
1494 2395 1539 2440 in
1562 2410 1694 2439 carne

366 2493 378 2514 ¹
399 2493 500 2525 Exod.
517 2505 585 2535 xxv,
607 2501 660 2531 14.
677 2514 720 2520 —
736 2494 751 2516 ‘²
766 2503 785 2532 4
804 2498 884 2538 Reg.
902 2507 946 2534 vr,
966 2498 1018 2529 16.

357 2563 409 2610 (ι)
437 2564 518 2597 Cod.
537 2566 657 2608 absque
676 2568 740 2599 ullo
758 2568 923 2600 latinitatis
948 2570 1058 2600 colore
1085 2570 1181 2604 vine.
1206 2586 1250 2593 —-
1281 2569 1328 2611 (2)
1352 2569 1432 2602 Coi.
1452 2570 1534 2601 male
1561 2570 1630 2604 cui,
1649 2587 1692 2594 ——

315 2619 365 2662 (3)
382 2619 431 2653 Id.
444 2629 634 2661 postquam.
