1885 3284
209 287 444 335 EPlsTjDE
481 304 647 335 SEPTEM
681 307 823 338 PETIT.
867 307 914 337 IN
956 305 1094 335 PATER
1133 306 1317 337 NOSTER.
1396 293 1473 339 161

108 371 314 435 superbia
329 381 430 416 nata
445 370 577 417 fuerit
593 372 775 429 invidia,
792 374 900 419 iram
915 373 1054 435 ipsam
1072 370 1126 417 de
1143 389 1185 417 se
1202 375 1336 435 parit;
1356 385 1481 437 atque

106 443 204 489 ideo
224 442 267 489 id
281 443 411 488 etiam
426 442 545 506 quod
570 443 704 490 habet
720 445 803 491 sibi
822 443 1052 508 displicere
1072 443 1247 506 incipit,
1271 445 1477 507 quoniam

103 512 151 558 in
178 513 261 558 alio
287 512 333 558 id
353 512 472 575 quod
493 513 627 558 habet
655 532 742 560 non
769 525 913 578 potest
947 530 1190 574 agnoscere.
1221 514 1350 570 Quod
1375 532 1475 575 ergo

111 593 254 628 tutum
287 600 366 646 per
404 583 663 629 charitatem
692 585 738 631 in
760 587 851 630 Deo
875 584 1038 630 habere
1063 585 1233 647 potuit,
1264 585 1384 648 quod
1405 585 1475 649 (ι)

110 655 238 700 etiam
262 671 340 718 per
355 654 584 700 elationem
604 666 720 701 extra
745 656 885 702 Deum
913 656 1077 701 habere
1099 655 1358 712 conabatur,
1378 674 1480 720 per—

109 725 187 774 dit.
226 728 310 772 Per
336 727 546 773 invidiam
566 727 713 790 perdit
728 729 995 791 proximum,
1035 727 1091 787 et:
1108 744 1184 789 per
1201 727 1308 772 iram
1332 740 1480 774 semet-

103 796 264 858 ipsum.
293 797 407 853 Quia
431 797 564 856 igitur
584 798 789 843 omnibus
811 798 973 843 amissis
992 835 1001 852 ‚
1026 797 1139 842 nihil
1161 808 1221 842 est
1243 797 1356 843 unde
1371 816 1477 858 gau-

101 866 200 914 deat
215 867 361 913 infelix
387 869 652 913 conscientia
672 905 682 924 ‚
700 887 777 932 per
800 869 1016 914 tristitiam
1033 868 1078 914 in
1104 869 1335 931 „emetipsa
1358 879 1476 915 coili-

102 937 236 995 ditur,
254 949 295 983 et
316 937 435 1001 quod
452 938 591 984 alieno
610 938 729 984 bono
754 940 825 1002 pie
844 939 985 985 laetari
1003 939 1145 985 noluit
1163 977 1173 995 ‚
1201 938 1254 984 de
1268 955 1345 984 suo
1365 940 1478 986 malo

93 1011 208 1068 juste
234 1010 482 1062 cruciatur3
502 1020 602 1072 post
629 1011 881 1072 superbiam
908 1027 1027 1070 ergo,
1052 1009 1266 1055 invidiam
1281 1021 1323 1055 et
1342 1011 1473 1068 iram,

99 1095 200 1141 quae
217 1079 438 1125 hominem
458 1079 674 1142 spoliant,
702 1081 912 1126 continuo
937 1080 1113 1126 tristitia
1138 1080 1354 1143 sequitur,
1380 1098 1480 1145 quae

100 1148 314 1194 nudatum
336 1149 524 1209 flagellat
545 1187 556 1205 ‚
579 1149 650 1194 cui
665 1149 772 1195 dum
794 1150 989 1195 succedit
1005 1151 1187 1196 avaritia
1206 1167 1307 1214 quae
1325 1151 1475 1212 flagel-

99 1218 234 1265 latum
262 1221 409 1280 ejicit,
434 1221 536 1283 quia
561 1231 722 1266 aeterno
744 1221 902 1281 gaudio
927 1222 1083 1267 amisso
1103 1258 1113 1277 ‚
1148 1222 1251 1267 foris
1268 1223 1472 1270 consola-

99 1291 256 1336 tionem
275 1309 471 1355 quaerere
488 1292 730 1355 compellit,
750 1303 900 1355 postea
921 1293 1082 1338 accidit
1101 1293 1198 1353 gula
1214 1331 1224 1347 ‚
1250 1310 1350 1356 quae
1366 1298 1475 1354 ejec-

100 1373 190 1408 tum
217 1363 410 1419 seducit,
433 1364 534 1426 quia
561 1363 751 1409 animum
778 1364 1060 1410 exterioribus
1086 1365 1370 1410 inhaerentem
1400 1367 1472 1430 (2)

95 1431 183 1478 hoc
207 1433 382 1489 vitium,
401 1433 520 1496 quasi
546 1450 568 1477 e
588 1433 733 1478 vicino
754 1444 941 1486 tentans„
963 1451 1041 1497 per
1060 1435 1205 1498 ipsum
1228 1437 1471 1483 naturalem

93 1503 338 1567 appetitum
367 1504 422 1549 ad
441 1520 657 1549 excessum
680 1503 874 1549 seducit:
895 1515 1114 1567 postrema
1141 1504 1312 1559 luxuria
1327 1543 1337 1561 ‚
1367 1524 1468 1570 quae

89 1574 318 1621 seductum
330 1575 540 1621 violenter
554 1575 754 1620 servituti
773 1575 973 1635 subjicit,
990 1577 1091 1639 quia
1108 1587 1340 1639 postquam
1362 1595 1463 1624 caro

90 1661 170 1708 per
206 1645 434 1709 crapulam
475 1645 745 1691 inflammata
777 1657 864 1697 est,
896 1645 1047 1691 ardore
1077 1646 1276 1692 libidinis
1309 1665 1465 1711 super-

90 1716 286 1762 veniente
316 1716 504 1762 molliter
539 1726 669 1780 atque
710 1717 920 1763 enerviter
946 1717 1159 1763 resolutus
1201 1720 1368 1765 animus
1392 1721 1462 1765 in-

90 1786 241 1833 cedere
264 1805 352 1833 non
383 1798 541 1852 potest.
569 1787 712 1833 Servit
733 1788 867 1847 igitur
899 1789 1148 1834 saevissimae
1174 1789 1462 1838 dominationi

89 1874 207 1903 mens
228 1859 420 1922 turpiter
436 1858 617 1903 subacta
632 1894 643 1913 ,
671 1869 714 1902 et
735 1858 815 1903 nisi
839 1858 1039 1904 adveniat
1060 1858 1297 1905 Salvatoris
1318 1873 1461 1908 exorta

86 1928 224 1992 pietas
241 1967 251 1983 ‚
281 1946 369 1974 non
387 1929 468 1975 erit
481 1932 573 1989 jam
602 1928 717 1975 unde
738 1940 868 1992 capta
895 1929 1149 1976 restituatur
1166 1929 1355 1978 libertas.

153 1999 236 2046 ΙΙΙ.
280 1999 533 2063 Sequuntur
548 2016 648 2059 ergo
675 2010 839 2062 septem
866 2000 1097 2063 petitiones
1123 2011 1274 2047 contra
1292 2013 1458 2066 septem

86 2069 352 2133 principalia
373 2070 497 2127 vitia,
517 2070 678 2133 quibus
694 2070 1308 2136 illeoraturutsubveniatqui
1327 2085 1367 2119 et
1381 2093 1458 2121 nos

85 2156 206 2186 orare
234 2140 411 2197 docuit,
437 2152 481 2186 et
504 2141 720 2204 Spiritum
737 2141 905 2187 bonum
923 2141 1151 2187 orantibus
1183 2159 1224 2187 se
1247 2142 1455 2191 daturum

84 2213 349 2275 repromisit.
374 2216 456 2258 Per
483 2212 734 2275 superbiam
759 2214 892 2273 igitur
916 2230 992 2259 cor
1016 2213 1220 2267 inflatur3
1242 2232 1320 2277 per
1339 2216 1456 2262 invi-

84 2281 203 2328 diam
223 2283 378 2329 arescit
399 2303 410 2337 ;
437 2299 516 2346 per
534 2283 642 2328 iram
666 2295 818 2347 crepat
839 2304 849 2337 3
878 2301 957 2347 per
970 2283 1190 2329 tristitiam
1215 2287 1456 2333 conteritur

86 2363 129 2399 et
146 2354 268 2418 quasi
285 2354 328 2400 in
341 2354 565 2418 pulverem
586 2353 817 2415 redigitur3
833 2372 910 2419 per
928 2355 1153 2401 avaritiam
1171 2354 1452 2418 dispergitur-3

88 2441 168 2488 per
188 2424 333 2485 gulam
356 2425 552 2472 inficitur
573 2435 615 2471 et
633 2426 756 2489 quasi
779 2426 1087 2479 humectatur;
1127 2442 1207 2488 per
1240 2426 1455 2476 luxuriam

93 2495 381 2542 conculcatur
403 2506 445 2542 et
472 2498 518 2542 in
535 2495 675 2542 lutum
704 2496 932 2557 redigitur,
957 2496 1015 2542 ita
1040 2506 1089 2541 ut
1115 2500 1205 2556 jam
1230 2498 1359 2544 miser
1383 2499 1456 2545 di-

135 2593 190 2641 (1)
206 2595 288 2628 Cod.
309 2605 349 2629 et.
365 2595 490 2629 Deinde
509 2596 595 2629 deest
609 2594 731 2638 perdit.
747 2615 785 2621 —
808 2595 856 2640 (2)
878 2596 928 2629 Sic
946 2595 1169 2637 corrigendum
1187 2595 1336 2629 duximus
1352 2612 1360 2639 3
1382 2600 1455 2632 cod.

86 2658 260 2683 curantem.

215 2730 350 2761 cxxxi
374 2715 463 2762 bis.
1275 2733 1287 2760 1
1308 2733 1319 2761 ι
