1868 3301
383 314 514 345 mmm
556 314 610 343 DE
648 314 856 345 0111111119
894 314 1179 352 11111111111105,
1219 315 1312 345 mc.
1454 300 1545 346 525

165 384 232 424 vel
252 379 494 422 infirmitate
515 379 698 421 advenit.
716 380 842 422 Omni
859 381 984 422 modo
999 380 1087 421 haec
1102 380 1238 422 illusio
1258 380 1440 422 timenda
1459 390 1543 434 est,

167 448 266 504 quia
289 447 394 488 hanc
420 459 536 486 mens
567 445 758 486 nesciens
777 446 948 501 pertulit
969 477 980 494 ,
1007 445 1081 485 sed
1104 446 1234 501 magis
1256 447 1307 486 de
1331 446 1398 486 illa
1419 460 1542 486 causa

168 512 396 553 dolendum
427 518 509 556 est,
539 518 712 566 propter
743 525 869 565 quam
904 510 1054 551 fuisset
1089 510 1164 563 (1).
1192 512 1298 551 Cum
1317 524 1414 551 voro
1436 511 1541 550 ultra

168 577 340 619 modum
357 576 463 632 gulae
481 576 687 631 appetitus
704 574 744 615 in
758 575 974 616 sumendis
986 574 1196 616 alimentis
1219 575 1393 630 rapitur,
1421 584 1545 630 atque

167 641 326 683 idcirco
355 641 582 681 humorum
623 640 889 695 receptacula
928 646 1200 694 generantur,
1241 639 1366 680 habet
1390 641 1541 681 exinde

167 707 330 748 animus
351 705 529 760 aliquem
554 712 738 751 reatum,
766 714 1004 746 nontamen
1033 718 1165 759 usque
1190 705 1240 744 ad
1261 704 1542 758 probitionem

164 771 422 827 percipiendi
448 770 555 810 sacri
594 769 814 825 mysterii,
852 771 916 810 vel
948 769 1171 810 missarum
1196 770 1400 810 solemnia
1440 771 1548 811 cele·

165 836 340 885 brandi‚
367 850 464 876 cum
505 834 681 875 sortasse
715 845 785 875 aut
806 834 935 875 festus
958 835 1046 875 dies
1067 834 1197 889 exigit
1219 866 1228 881 ,
1257 842 1328 875 aut
1347 834 1546 876 exhibere

168 900 420 957 mysterium
449 899 507 953 (2)
548 898 813 940 sacerdotem
850 899 890 940 in
915 899 1055 955 aliquo
1078 900 1172 939 loco
1207 899 1292 955 ipsa
1323 900 1547 941 necessitas

170 966 348 1023 impellit
369 965 448 1021 (5).
478 964 579 1005 Nam
599 964 631 1005 si
665 965 816 1005 desunt
851 964 944 1012 alii,
985 965 1055 1020 qui
1090 964 1266 1020 implere
1300 966 1546 1021 mysterium

170 1032 335 1081 valent,
380 1029 517 1071 illusio
557 1045 630 1086 per
668 1031 884 1087 crapulam
931 1029 1038 1071 facta
1077 1045 1098 1071 a
1137 1030 1408 1086 perceptione
1440 1030 1547 1071 sacri

170 1096 357 1153 mysterii
381 1094 605 1152 prohibere
628 1109 710 1135 non
742 1095 891 1143 debet3
919 1095 994 1136 sed
1017 1095 1065 1135 ab
1092 1094 1382 1135 immolatione
1415 1095 1549 1136 sancti

169 1160 356 1218 mysterii
371 1160 596 1206 abstinere,
615 1160 864 1208 utarbitror,
880 1159 1095 1201 humiliter
1106 1159 1277 1206 debent,
1292 1159 1323 1199 si
1338 1159 1550 1200 dormien-

171 1234 253 1268 tem
272 1234 458 1267 mentem
478 1224 611 1281 turpis
636 1225 880 1282 imaginatio
896 1225 1017 1266 nimis
1032 1224 1309 1265 concusserit.
1329 1223 1432 1266 Nam
1452 1234 1550 1267 sunt

171 1292 341 1346 quidam
362 1322 372 1338 ‚
402 1290 554 1346 quibus
578 1288 632 1331 ita
656 1288 910 1346 plerumque
932 1289 1176 1347 imaginatio
1195 1297 1236 1330 et
1255 1289 1390 1330 illusio
1415 1289 1548 1331 nasci-

172 1364 254 1403 tur,
282 1364 327 1397 ut
348 1370 495 1396 eorum
521 1354 709 1403 animus,
740 1355 869 1396 etiam
891 1355 933 1396 in
962 1368 1110 1396 somno
1143 1354 1335 1410 corporis
1359 1354 1519 1410 positus
1536 1387 1546 1402 ,

173 1420 366 1477 turpibus
397 1419 650 1476 imaginibus
681 1434 766 1461 non
803 1419 986 1461 foedetur
1014 1419 1090 1475 (4).
1135 1418 1349 1470 Quaeritur
1382 1434 1545 1461 unum:

171 1485 419 1529 Ostenditur
441 1499 563 1526 mens
588 1499 671 1525 non
692 1489 833 1526 tamen
851 1485 1102 1541 suojudicio
1125 1484 1299 1525 liberata
1326 1516 1335 1532 ‚
1362 1499 1458 1525 cum
1482 1500 1548 1536 se,

172 1552 415 1594 dormiente
438 1565 641 1606 corpore,
671 1550 776 1591 nihil
800 1551 993 1592 meminit
1018 1550 1228 1606 judicasse
1253 1550 1293 1590 iu
1318 1565 1415 1590 vero
1446 1552 1507 1606 (5)
1536 1567 1547 1599 ;

171 1631 221 1658 ex
235 1616 345 1672 turpi
365 1615 477 1656 enim
502 1614 758 1671 cogitatione
777 1615 999 1672 vigilantis,
1016 1615 1151 1656 oritur
1176 1614 1315 1655 illusio
1340 1615 1551 1656 dormien-

173 1682 237 1724 tis.
263 1681 381 1722 Patet
406 1689 505 1720 tunc
539 1679 688 1719 animae
720 1687 861 1720 reatus
894 1695 994 1720 suus
1023 1678 1103 1735 (6),
1132 1693 1230 1718 011111
1261 1679 1372 1718 videt
1395 1693 1446 1719 ex
1467 1694 1547 1734 qua

171 1745 314 1787 radice
336 1743 567 1800 inquinatio
584 1743 651 1784 illa
668 1743 900 1799 processit,
921 1744 1018 1799 quia
1040 1744 1153 1799 quod
1175 1742 1372 1799 cogitavit
1390 1744 1545 1792 sciens,

171 1809 345 1867 pertulit
361 1806 577 1854 nesciens;
602 1809 675 1849 sed
700 1809 966 1864 pensandum
990 1816 1054 1849 est
1074 1822 1221 1848 verum
1247 1822 1297 1848 an
1321 1806 1408 1864 ipsa
1431 1808 1549 1865 cogi—

172 1874 275 1918 tatio
299 1873 341 1915 in
362 1872 689 1930 suggestionem,
708 1888 758 1914 an
776 1872 816 1914 111
834 1873 1181 1921 delectationem,
1204 1873 1269 1914 vel
1283 1874 1398 1928 quod
1413 1873 1550 1930 majus

171 1950 235 1984 est
248 1973 259 1990 ,
290 1939 514 1997 aliquando
525 1938 567 1980 111
580 1947 802 1996 peccatum
817 1953 1027 1982 consensu
1042 1938 1419 1981 ceciderit.Tribus
1433 1939 1546 1982 enim

171 2005 308 2048 modis
325 2005 525 2062 impletur
540 2003 583 2046 in
598 2003 770 2047 homine
792 2012 1033 2062 peccatum,
1048 2003 1246 2046 videlicet
1262 2004 1547 2061 suggestione,

171 2069 457 2111 delectatione
477 2076 603 2124 atque
623 2082 856 2117 consensu;
875 2067 1085 2126 suggestio
1098 2068 1268 2125 quidem
1294 2067 1341 2110 sit
1363 2083 1438 2125 per
1456 2070 1547 2111 dia-

171 2133 344 2183 bolum,
371 2132 596 2175 delectatio
620 2148 693 2190 per
719 2148 919 2182 carnem,
945 2148 1175 2175 consensus
1217 2147 1292 2189 per
1332 2133 1541 2190 spiritum.

171 2198 244 2241 Est
265 2197 498 2240 necessaria
518 2212 668 2254 magna
687 2198 887 2240 discretio
902 2230 913 2248 ,
938 2206 984 2239 ut
1003 2198 1112 2239 inter
1138 2197 1451 2254 suggestionem
1467 2231 1477 2246 ,
1504 2207 1546 2240 et

174 2263 521 2311 delectationem,
550 2273 675 2319 atque
699 2278 951 2306 consensum
973 2262 1102 2319 judex
1134 2270 1197 2303 sui
1223 2263 1385 2304 animus
1407 2263 1546 2319 praesi-

173 2329 284 2372 deat.
313 2328 420 2371 Cum
444 2328 557 2370 enim
581 2328 791 2386 malignus
819 2329 990 2386 spiritus
1026 2336 1249 2385 peccatum
1284 2328 1323 2369 in
1358 2338 1545 2372 mentem

174 2393 379 2452 suggerit,
408 2393 440 2435 si
463 2393 576 2434 nulla
610 2393 776 2449 peccati
815 2393 1041 2435 delectatio
1065 2401 1284 2449 sequatur,
1318 2402 1541 2450 peccatum

175 2460 348 2502 0111111110
370 2466 656 2516 perpetratum
680 2474 765 2500 non
786 2467 862 2501 est.
884 2459 993 2501 Cum
1007 2473 1104 2500 vero
1118 2473 1215 2500 caro
1237 2458 1436 2500 delectari
1458 2475 1546 2501 000-

222 2543 271 2588 (1)
287 2544 366 2576 Cod.
382 2543 529 2586 fecisset.
550 2560 597 2567 —
624 2541 673 2586 (α)
692 2543 743 2578 Id.
770 2543 859 2576 addit
875 2543 995 2586 absque
1008 2553 1099 2575 sensu
1111 2554 1174 2584 pro
1199 2553 1236 2573 eo
1253 2543 1350 2584 quod.
1367 2561 1409 2567 —
1426 2541 1478 2589 (3)
1496 2545 1547 2578 Id,

175 2600 321 2642 expellit.
335 2617 381 2623 —
393 2600 442 2643 (4)
461 2598 679 2641 Id.soedacur.
699 2618 739 2624 —
755 2598 805 2644 (5)
824 2599 875 2632 Sic
891 2600 961 2632 cod.
979 2601 1070 2644 cujus
1084 2608 1210 2631 sensum
1221 2599 1344 2643 assequi
1361 2609 1428 2632 non
1442 2602 1547 2644 potui.

175 2674 220 2682 -
238 2655 288 2702 (6)
304 2655 382 2689 cod.
399 2663 524 2688 reatum
538 2665 642 2687 suum.
