1868 3301
127 255 270 286 sERMo
294 256 404 294 Lxu,
434 255 489 284 ns
517 254 888 285 ANNUNrtATtONE
915 254 1065 286 numm:
1099 255 1263 288 simile.
1341 243 1434 290 335

64 322 234 367 habuit.
271 321 405 364 noluit
432 320 642 362 dimittere
675 336 874 378 unquam.
912 321 1072 363 Martha
1107 323 1145 364 in
1177 325 1302 368 domo
1322 360 1331 375 ‚
1364 330 1436 370 sed

65 388 192 430 Maria
216 388 258 429 in
283 396 426 429 ventre
444 419 452 432 ,
491 386 650 429 Martha
687 388 726 428 in
764 389 912 435 domo,
940 389 1012 429 sod
1034 388 1161 431 Maria
1184 391 1223 431 in
1248 393 1373 433 domo
1395 402 1437 435 et

65 454 107 495 in
120 458 266 496 mente
284 453 489 508 hospitem
511 452 725 495 Christum
745 453 909 509 dignius
927 466 1052 510 super
1072 468 1218 497 omnes
1236 460 1431 516 susceplt.

65 518 226 560 Martha
261 518 315 559 ob
348 517 503 559 Christi
543 533 730 560 amorem
774 519 907 560 nudos
946 519 1173 568 vestiebat,
1209 524 1281 564 scd
1312 523 1436 565 Maria

64 583 218 626 Filium
241 599 325 626 non
349 583 582 630 semel,se‹l
606 599 713 640 saepe
737 584 949 626 induebat.
977 583 1138 626 Martha
1162 586 1376 630 Christum
1400 597 1441 630 et

67 661 271 706 pauperes
305 649 458 691 Christi
491 650 725 705 pascebat,
760 652 833 692 sed
863 651 990 692 Maria
1023 650 1237 693 (ihr-istum
1275 661 1442 712 semper

71 714 222 757 alebat.
248 713 408 755 Martha
434 715 585 771 potum
601 713 769 756 Christo
791 715 1024 762 tribuebat,-
1047 715 1117 756 sod
1140 715 1264 757 Maria
1291 717 1440 761 Cltris-

73 789 160 821 tuin
189 779 299 821 lacte
328 778 558 820 reficiebat.
601 780 698 821 tta-c
737 795 832 821 vere
860 780 983 836 digna
1010 789 1072 821 est
1105 781 1170 821 illa
1196 781 1271 823 Dei
1293 783 1441 833 Mater,

71 859 164 901 quae
185 859 312 901 super
331 859 478 886 omnes
497 859 622 901 opera
647 846 945 887 misericordiae
961 846 1163 888 exercuit.
1186 847 1326 890 Primo
1353 850 1446 892 hos-

72 910 202 966 pitem
224 909 301 951 Dei
323 909 475 951 Filium
493 910 534 950 in
552 918 675 951 utero
693 911 901 968 suscepit3
925 913 1085 953 nudum
1111 911 1151 953 in
1174 921 1300 955 carne
1323 916 1446 956 vesti-

75 976 132 1017 vit
153 974 300 1031 pannis
321 974 473 1030 quibus
495 976 695 1016 utebatur
716 993 726 1023 ‚-
759 985 798 1017 et
825 977 907 1033 ipsa
933 977 1069 1033 ipsum
1088 977 1344 1020 osurientem
1372 996 1446 1022 suo

74 1041 183 1082 lacte
204 1039 418 1081 multoties
443 1040 577 1096 pavit;
604 1040 741 1096 ipsum
765 1041 974 1083 sitientem
1002 1042 1168 1090 videns,
1198 1052 1344 1100 potum
1370 1048 1447 1087 tri-

76 1104 350 1162 bu‘i't34ipsu1n
373 1104 589 1147 infirmum
616 1121 688 1162 per
708 1107 927 1149 infantiam
949 1117 991 1149 et
1015 1108 1248 1161 jacentem,
1276 1121 1359 1152 non
1383 1127 1452 1154 so·-

74 1172 161 1213 lum
195 1170 395 1216 visitavit,
436 1170 509 1212 sed
541 1171 665 1213 etiam
695 1171 954 1220 balneando,
991 1173 1194 1221 fovendo,
1220 1178 1447 1232 gestando,

77 1236 309 1279 osculando
332 1235 624 1291 frequentavit.
670 1236 706 1279 O
738 1238 923 1286 Martha,
966 1240 1048 1280 imo
1079 1240 1175 1281 satis
1205 1250 1246 1282 et
1270 1245 1449 1287 maxime

76 1300 178 1344 satis
203 1300 338 1357 major
372 1301 558 1350 Martha,
590 1305 803 1358 quomodo
826 1304 938 1346 circa
960 1306 1091 1346 multa
1124 1320 1168 1346 es
1190 1310 1417 1364 occupata¹
1437 1311 1453 1351 P

76 1365 153 1408 Die
169 1398 180 1412 ,
204 1364 270 1407 dic
285 1398 295 1413 ,
322 1380 346 1406 o
371 1365 436 1422 pia
459 1366 534 1408 Dei
552 1366 696 1410 Mater.
723 1367 938 1423 Numquid
961 1369 1269 1426 comprehenso
1286 1373 1391 1415 Filio
1412 1384 1450 1416 et

77 1429 305 1479 crucifixo,
337 1431 454 1486 quasi
489 1431 531 1473 in
565 1447 736 1474 carcero
770 1432 904 1490 posito
938 1445 1020 1476 non
1054 1436 1111 1489 (ι)
1143 1436 1325 1486 affuisti,
1357 1448 1452 1482 ante

76 1497 139 1552 (2)
161 1497 250 1538 haec
271 1504 410 1537 autom
435 1511 520 1538 non
543 1498 717 1540 sollicita
743 1513 835 1539 eras
857 1507 900 1540 et
923 1500 1087 1541 turbata
1116 1499 1196 1556 (5),
1220 1513 1316 1544 eum
1342 1504 1457 1561 suge-

81 1578 146 1604 res
179 1562 219 1603 in
258 1561 487 1618 AEgyptum
517 1577 536 1604 a
566 1562 671 1605 facie
703 1563 903 1612 Herodis,
936 1566 1005 1620 qui
1038 1574 1156 1606 tuum
1185 1567 1339 1612 Filium
1369 1579 1454 1613 tam

81 1627 276 1683 nequiter
295 1627 653 1683 persequebatur,
678 1636 724 1669 ut
749 1629 903 1670 multos
925 1630 1057 1671 :etatis
1075 1641 1280 1687 suspectae
1304 1646 1456 1692 pueros

82 1691 328 1735 occideret?
350 1694 582 1749 numquid,
610 1709 634 1734 o
657 1694 733 1735 Dei
758 1697 904 1743 Mater,
929 1709 1013 1737 non
1037 1698 1202 1738 turbata
1225 1714 1340 1751 erus,
1359 1711 1458 1745 oum

84 1758 246 1800 videres
267 1757 438 1800 Judaeos
461 1758 732 1806 insidiantes,
766 1768 808 1801 et
840 1769 1019 1802 mortem
1052 1762 1143 1803 Filii
1179 1765 1236 1805 tui
1269 1769 1458 1822 quetidie

86 1831 361 1880 procurantes
382 1822 399 1863 Ρ
420 1831 463 1864 et
487 1823 537 1864 ad
560 1823 754 1865 ultimum
789 1825 955 1866 turbata
989 1825 1099 1867 suisti
1124 1828 1266 1878 valde,
1290 1835 1459 1887 quando

87 1887 272 1930 animam
298 1896 413 1929 tuam
443 1889 710 1944 pertransivit
726 1889 932 1946 gladius²,
957 1905 1054 1932 cum
1079 1892 1232 1935 Filium
1258 1904 1376 1939 tuum
1401 1894 1460 1940 vi-

87 1954 206 1995 deres
231 1953 558 2009 comprehendi,
587 1954 726 2010 ligari,
763 1954 990 2012 flagellari,
1026 1959 1225 2015 conspui,
1245 1962 1374 2018 spinis
1395 1976 1462 2007 Co-

89 2016 252 2065 ronari,
286 2016 491 2068 derideri,
523 2019 804 2076 colaphizari,
829 2020 1044 2079 crucifigi,
1077 2025 1183 2065 mori
1206 2035 1248 2068 et
1277 2030 1457 2085 sepeliri.

90 2081 127 2125 Ο
150 2081 338 2130 Martha,
371 2085 587 2139 quomodo
617 2085 792 2128 sollicita
824 2101 889 2135 es,
919 2090 1131 2142 quomodo
1156 2092 1336 2135 turbaris
1366 2109 1462 2152 erga

90 2147 297 2205 plurima!

148 2210 199 2254 V.
239 2211 371 2254 Porro
408 2213 459 2255 de
497 2222 614 2270 parte
650 2214 787 2256 Mariae
811 2240 821 2264 3
861 2232 953 2273 quae
992 2219 1150 2276 optima
1191 2223 1461 2278 praetlicatu‘r,

93 2284 250 2333 quanta
274 2279 339 2320 vel
361 2279 495 2335 qualis
516 2279 619 2328 fuit,
654 2281 746 2337 quis
769 2280 1028 2326 sufficienter
1050 2286 1285 2342 loquetur?
1307 2290 1353 2333 Si
1376 2293 1466 2335 talis

93 2351 176 2391 est,
197 2351 243 2386 ut
269 2343 450 2386 diximus
467 2378 477 2392 ‚
502 2345 589 2388 imo
608 2346 756 2389 melior
771 2357 859 2396 est,
879 2357 926 2391 ut
948 2350 1144 2401 diximus,
1165 2368 1260 2410 pars
1277 2356 1467 2408 Marthae,

144 2452 152 2474 ¹
173 2454 299 2492 Luc.x,
318 2460 374 2491 [ιι.
392 2454 587 2494 -·21d.u‚
609 2459 663 2489 35.

145 2539 194 2585 (ι)
212 2544 310 2575 Deest
335 2555 400 2574 non
421 2544 453 2576 iu
478 2545 554 2579 cod.
573 2547 664 2589 juxta
689 2557 808 2578 morem
821 2572 830 2589 ‚
850 2553 880 2579 et
901 2548 946 2581 sic
965 2550 1129 2597 deinceps.
1149 2572 1193 2579 -—
1214 2553 1264 2600 (2)
1279 2556 1361 2592 Cod,
1380 2557 1476 2590 incer.

100 2614 143 2620 --
162 2594 215 2642 (3)
237 2598 283 2630 Id.
304 2600 453 2638 turbaris,
472 2607 504 2632 et
521 2601 566 2632 sie
583 2602 745 2646 deinceps.
