1885 3284
164 307 306 340 suano
329 308 490 351 Lxxix,
526 310 570 340 nv
596 309 931 341 niscoLLA'rioNE
959 311 993 340 s.
1022 308 1212 340 sommis
1240 309 1363 341 mer.
1399 310 1425 340 1.
1469 294 1527 340 65

160 383 245 431 tes,
277 391 380 421 cum
407 373 514 422 alius
532 393 555 422 e
574 377 769 422 convivis
806 376 991 436 regalem
1018 386 1211 421 vomeret
1229 375 1273 420 in
1295 393 1484 421 mensam
1513 414 1523 433 ‚

159 444 265 490 alius
289 446 517 492 esculentis
543 446 691 492 frustis
715 447 864 492 vinum
883 446 1181 492 redolentibus
1203 445 1439 491 triclinium
1458 464 1523 492 rc-

157 515 218 573 gis
249 516 476 580 impleret,
521 517 935 577 nonnullijacerent
958 516 1118 581 sepulti
1149 533 1300 561 somno
1323 526 1364 561 et
1387 517 1490 562 vino
1516 554 1524 567 ,

156 602 235 632 nec
268 587 421 632 mentis
445 598 668 651 compotes
691 625 700 644 ‚
729 606 807 634 nec
834 588 1014 641 salutis;
1051 588 1162 633 inter
1190 586 1293 633 alios
1322 586 1527 649 praelium

156 669 374 716 gereretur
401 676 484 722 pro
507 659 726 704 ebrietatis
758 659 970 715 victoria,
1003 676 1092 704 non
1127 675 1210 722 pro
1246 657 1528 704 {emulatione

156 728 330 774 virtutis
351 749 363 784 ;
387 746 488 775 cum
512 729 585 775 ille
604 731 646 774 in
675 731 862 776 amicum
887 729 1105 793 scyphum
1121 733 1283 788 jaceret
1310 766 1319 782 ,
1362 728 1433 773 hic
1456 728 1529 774 ad-

158 817 304 845 versus
327 802 534 847 convivas
554 818 709 861 magno
728 813 891 847 cratere
908 803 974 863 (χι)
997 812 1210 864 pugnaret
1229 803 1246 845 Ρ
1285 799 1445 844 Mirum
1470 813 1531 845 est

157 871 457 933 spectaculum
486 872 733 918 certaminis
754 872 992 925 vinolenti,
1020 888 1106 916 non
1145 872 1187 916 in
1231 870 1361 916 domo
1387 870 1494 929 regis
1517 908 1526 919 ,

157 941 227 987 sed
254 942 294 986 in
319 942 485 1005 popina
507 944 732 1005 cauponis.
768 943 911 989 Credo
930 980 940 997 ‚
961 942 1156 1001 egregius
1175 941 1367 1001 juda'icae
1395 941 1532 1001 gentis

158 1013 422 1074 praepositus
443 1012 656 1058 militibus
675 1014 762 1059 suis
780 1013 1038 1073 hujusmodi
1059 1025 1329 1058 concesserat
1344 1023 1532 1074 potesta-

161 1093 242 1127 tem
268 1119 278 1137 ‚
309 1094 355 1128 ut
372 1100 457 1129 non
476 1083 568 1128 telis
589 1083 851 1129 dimicarent
869 1084 964 1147 ipso
983 1094 1198 1146 praesente
1221 1119 1231 1136 ‚
1255 1081 1327 1127 scd
1347 1083 1532 1145 poculis,

157 1163 198 1198 et
220 1153 295 1216 qui
314 1153 478 1199 bellum
498 1153 653 1200 hostile
677 1171 763 1199 non
783 1165 964 1199 noverat
983 1191 993 1209 ‚
1017 1153 1301 1199 domesticam
1322 1153 1406 1198 sibi
1425 1169 1533 1216 pug-

159 1242 259 1269 nam
280 1224 334 1269 de
358 1224 603 1270 temulentis
622 1225 793 1271 civibus
810 1225 1061 1270 exhibebat.
1080 1228 1255 1281 Quanta
1271 1224 1317 1268 in
1340 1223 1415 1268 illo
1433 1241 1532 1268 con-

160 1312 173 1334 *
190 1297 274 1341 ivio
301 1296 566 1359 turpitudo?
591 1298 705 1353 Quae
743 1297 993 1360 procacitas
1018 1296 1230 1341 obscoena
1264 1295 1500 1341 verborum
1524 1332 1534 1345 ,

159 1383 257 1411 cum
291 1367 512 1412 maderent
538 1367 789 1431 pavimenta
814 1367 916 1412 vino
935 1404 945 1423 ‚
995 1377 1038 1411 et
1072 1376 1356 1429 personarent
1388 1367 1533 1411 onmia

159 1437 343 1482 vocibus
361 1437 583 1483 ebriorum
602 1441 620 1483 Ξ)
641 1437 751 1493 Quis
771 1438 884 1482 enim
903 1437 1084 1483 conviva
1106 1436 1194 1498 (2),
1217 1437 1313 1498 quis
1329 1437 1533 1490 famulus,

160 1517 234 1551 aut
260 1508 368 1566 regis
382 1508 660 1563 meminisset,
682 1507 943 1567 aut'domini
963 1511 981 1552 Ρ
1005 1507 1117 1553 Cum
1139 1517 1290 1553 auctor
1323 1525 1532 1553 verecun-

159 1578 246 1624 diae
269 1577 520 1624 dissolvitur
542 1579 587 1623 in
607 1578 828 1624 lasciviam
850 1615 860 1633 ,
885 1577 1159 1624 manifestum
1183 1590 1247 1624 est
1267 1578 1384 1641 quod
1410 1596 1536 1625 nemo

161 1659 304 1694 teneat
323 1648 618 1713 disciplinam.

225 1720 300 1766 lV.
343 1721 462 1765 Inter
483 1719 919 1766 haecinverecundiae
945 1720 1132 1775 ludicra,
1162 1721 1251 1766 filia
1273 1720 1535 1766 Herodiadis

160 1789 404 1850 ingreditur
427 1800 520 1835 tota
541 1789 702 1843 mollis,
725 1800 766 1835 et
789 1789 946 1846 fracta,
976 1801 1024 1836 ut
1048 1808 1135 1835 non
1159 1791 1387 1836 cohiberet
1407 1792 1534 1837 luxu—

161 1862 269 1907 riam
293 1899 303 1918 ‚
329 1861 403 1907 sed
427 1861 618 1908 doceret.
644 1862 767 1907 Nihil
787 1879 834 1907 ex
859 1873 996 1907 matre
1015 1862 1211 1908 adultera
1242 1863 1305 1908 vel
1341 1864 1533 1926 probum

162 1933 409 1990 didicerat,
433 1933 502 1979 vel
544 1932 773 1996 pudicum.
810 1935 900 1979 Rex
935 1935 1146 1993 virginem
1170 1971 1180 1988 ‚
1223 1937 1299 1979 etsi
1333 1952 1536 1997 corpore,

164 2022 250 2050 non
267 2003 458 2067 pudore‚
477 2003 739 2050 adhortatur
756 2015 804 2050 ut
823 2004 971 2062 saltet,
997 2006 1228 2051 immemor
1247 2007 1374 2064 regiae
1395 2007 1535 2066 gravi-

163 2075 264 2120 tatis
284 2112 293 2128 ,
322 2075 495 2138 paterni
517 2075 671 2135 rigoris
710 2075 875 2120 oblitus
898 2095 908 2128 ;
938 2080 1064 2135 cujus
1084 2087 1229 2139 partes
1250 2088 1374 2121 erant
1395 2078 1535 2122 licen-

164 2146 268 2191 tiam
289 2145 524 2208 puellarem
550 2163 630 2209 pro
655 2146 839 2208 imperio
868 2152 1071 2191 coercere
1087 2184 1096 2196 .
1125 2147 1218 2209 ipse
1242 2147 1538 2193 dissolutionis

162 2215 276 2262 faces
310 2226 353 2261 et
383 2214 579 2261 fomitem
605 2215 909 2272 ministrabat,
944 2216 1207 2276 largiturum
1232 2235 1273 2263 se
1291 2235 1389 2263 cnm
1408 2222 1534 2277 jura-

164 2298 311 2334 mento
332 2287 544 2351 pollicens
575 2288 694 2351 quod
716 2289 921 2351 petiisset.
964 2289 1111 2335 lllecta
1137 2290 1330 2352 praemiis
1356 2290 1500 2352 puella
1524 2329 1533 2338 .

165 2377 253 2406 non
270 2360 439 2414 differt3
458 2360 677 2422 matre(3)
698 2361 961 2407 connivente
978 2360 1230 2407 dissolvitur
1249 2382 1259 2414 ς
1281 2363 1422 2407 statim
1448 2373 1537 2408 tor-

165 2430 389 2495 queturad
405 2430 579 2476 insanos
599 2429 825 2488 circuitus,
845 2431 1003 2477 celeres
1021 2432 1257 2478 vertiturin
1274 2443 1438 2478 rotatus
1452 2433 1538 2496 (4),

214 2564 262 2609 (ι)
295 2566 376 2598 Cod.
401 2567 482 2598 male
510 2576 598 2599 crate
629 2576 837 2611 repugnaret.
859 2587 900 2594 —
938 2568 987 2613 (2)
1021 2569 1070 2601 Id.
1110 2579 1275 2613 perperam
1302 2570 1460 2602 convivia.
1494 2587 1537 2594 —

168 2619 219 2667 (3)
235 2621 283 2653 Id.
298 2630 403 2663 patre.
419 2641 461 2646 ——
477 2620 528 2668 (4)
547 2623 596 2656 Id.
618 2623 782 2655 irroratus.

297 2726 432 2758 cxxx1
458 2711 545 2759 bis,
1386 2714 1413 2760 5
