1868 3301
291 379 383 438 406
547 393 585 425 s.
631 392 875 425 incusum
910 392 1116 425 muscorl
1151 391 1392 425 APPENDIX.

287 460 483 505 suaviter.
522 459 572 501 Et
603 458 685 501 hoc
715 459 794 503 suit
826 461 939 517 quod
962 460 1166 502 Dominus
1184 459 1228 502 *ei
1246 459 1511 518 promiserat.
1556 456 1666 502 Cum

290 526 402 569 enim
426 525 630 567 Dominus
649 525 808 568 diceret
826 528 950 568 Petro
977 526 1216 583 :aSequore
1240 525 1353 573 me¹;
1374 544 1388 565 n
1405 526 1446 568 id
1463 533 1550 575 est,
1577 525 1666 567 imi-

291 603 379 636 tare
407 593 466 648 (1)
489 606 560 633 me
576 592 616 632 in
641 606 796 640 cruce3
826 608 909 634 non
941 593 1086 634 timeas
1102 626 1112 641 ,
1135 593 1209 634 sed
1236 600 1384 647 sponte
1402 606 1573 633 crucem
1597 606 1663 633 re-

290 657 477 716 cipiasin
499 665 662 706 morte:
697 665 743 699 ut
768 659 967 708 arbitror,
989 658 1066 700 snit
1088 673 1211 716 grave
1236 657 1359 700 Petro
1386 657 1468 699 hoc
1497 657 1663 706 audire,

290 732 332 767 et
352 739 574 782 poenosum
599 739 683 765 non
714 724 956 772 modicum3
997 725 1092 766 idco
1115 732 1282 766 vertens
1313 739 1356 766 so
1389 733 1530 772 retro,
1564 723 1668 765 vidit

290 790 409 833 illum
430 788 693 847 Discipulum
713 804 844 845 quem
867 790 1070 848 diligebat
1095 789 1217 832 Jesus
1234 821 1244 837 ,
1263 799 1305 832 et
1323 790 1378 832 ait
1403 805 1447 832 ια
1465 789 1668 842 Domine,

290 877 304 896 υ
320 855 390 897 hic
414 865 552 897 autem
572 855 696 912 quid²
714 855 757 897 P»
774 857 820 898 Id
842 866 930 905 est,
955 857 1058 914 quid
1074 855 1229 898 saciet?
1246 871 1370 912 quam
1393 865 1572 898 mortem
1591 871 1669 914 pa-

291 920 449 964 tietur?
472 921 523 963 Et
547 921 602 963 ait
625 921 682 963 illi
701 920 825 963 Jesus
847 937 889 964 :a
909 922 978 965 Sic
1002 937 1099 964 eum
1126 924 1220 963 volo
1249 937 1418 964 manere
1438 954 1447 970 ,
1472 923 1573 963 dum
1598 937 1670 963 ve-

292 986 488 1036 »nian1⁵;
513 1006 528 1026 n
567 987 609 1028 id
626 995 689 1029 est
711 1021 721 1036 ‚
748 988 983 1044 integrum,
1022 989 1269 1030 inviolatum
1287 1021 1297 1037 ‚
1335 988 1671 1030 immarcescibi-

292 1056 393 1104 lem,
418 1063 460 1096 et
484 1054 659 1095 iltaesum
680 1087 690 1102 ,
715 1063 758 1096 ot
786 1055 1172 1097 incontaminatum
1200 1055 1294 1096 voto
1314 1069 1506 1103 manere,
1532 1053 1668 1096 donec

292 1120 370 1178 ipsi
393 1120 450 1176 (2)
480 1134 703 1177 appaream
726 1134 823 1161 cum
848 1121 936 1163 aliis
968 1121 1182 1163 fratribus.
1221 1120 1305 1162 Sed
1341 1135 1441 1161 ecce
1475 1119 1671 1176 approxi-

292 1195 434 1228 mante
470 1187 537 1228 die
576 1186 953 1244 transmigrationis
986 1186 1190 1244 Discipuli
1238 1187 1316 1242 (5),
1359 1187 1553 1243 apparuit
1594 1185 1673 1242 ipsi

295 1252 503 1294 Dominus
531 1251 676 1294 dicens
697 1268 706 1294 ε
726 1253 831 1295 Veni
857 1255 909 1295 ad
934 1269 1023 1301 me,
1050 1253 1146 1310 quia
1168 1261 1333 1307 tempus
1357 1260 1434 1299 est,
1465 1260 1511 1293 ut
1531 1253 1673 1309 epule-

292 1319 349 1360 ris
373 1318 697 1360 cumfratribus
728 1320 808 1360 tuis
842 1319 883 1360 in
917 1334 1063 1360 mensa
1101 1333 1206 1360 mea.
1244 1318 1297 1359 Et
1320 1317 1459 1360 subito
1498 1333 1672 1375 surgens

291 1385 476 1427 ‹Ioannes
499 1386 626 1442 cmpit
660 1385 733 1426 ire.
770 1385 823 1427 Et
847 1385 903 1427 ait
932 1386 1139 1427 Dominus
1175 1400 1183 1426 :
1220 1383 1441 1426 Dominica
1476 1384 1543 1426 dio
1581 1393 1675 1441 post

292 1451 480 1507 quinque
504 1451 590 1492 dies
614 1450 669 1493 ita
690 1451 831 1493 venies
859 1451 910 1493 ad
933 1466 1014 1494 me.
1042 1451 1092 1493 Et
1113 1459 1308 1508 receptus
1331 1459 1394 1493 est
1413 1450 1674 1493 Dominusin

294 1517 462 1558 coelum.
491 1515 694 1558 Veniente
726 1526 865 1558 autem
896 1517 984 1567 dic,
1012 1517 1210 1559 convenit
1230 1517 1462 1558 multitudo
1485 1516 1676 1573 Discipu-

291 1582 431 1623 lorum
459 1581 721 1622 diversarum
754 1582 1076 1638 provinciarum
1110 1592 1152 1624 et
1183 1581 1373 1623 fidelium
1408 1582 1450 1622 in
1488 1581 1673 1623 Ecclesia

292 1648 333 1688 in
372 1647 509 1704 primo
541 1648 747 1704 gallorum
785 1657 936 1695 cantu,
976 1657 1018 1689 et
1058 1663 1192 1704 usque
1233 1648 1285 1690 ad
1320 1647 1465 1691 horam
1507 1647 1674 1689 tertiam

292 1714 536 1770 praedicavit
574 1714 632 1754 eis
671 1713 858 1755 Joannes
877 1747 887 1762 ,
940 1712 1220 1756 confortando
1265 1712 1476 1770 orphanos
1514 1721 1556 1754 et:
1593 1728 1674 1770 pu-

292 1781 435 1837 pillos,
478 1781 738 1822 consolando
775 1780 920 1822 viduas
957 1788 999 1822 et
1036 1780 1277 1828 maritatas,
1314 1779 1515 1835 omnique
1548 1778 1676 1821 statui

296 1846 534 1888 doctrinam
558 1846 675 1887 dedit
692 1861 886 1895 suavem,
912 1855 954 1888 et
973 1845 1090 1887 sinito
1110 1860 1324 1892 sermone,
1349 1846 1483 1887 oravit
1505 1860 1581 1902 pro
1605 1859 1678 1902 po-

295 1913 409 1970 pulo.
442 1912 667 1968 Postquam
691 1928 790 1954 vero
804 1913 959 1961 oravit,
979 1913 1146 1954 missam
1167 1912 1395 1954 celebravit
1413 1912 1645 1953 solemnem
1662 1943 1674 1963 ‚

296 1988 338 2021 et
360 1995 425 2028 se,
454 1979 752 2036 etDiscipulos
770 1979 1100 2021 communicavit
1125 1979 1267 2021 dicens
1296 1993 1304 2019 τ
1334 1978 1417 2020 Pax
1443 1978 1617 2019 Domini
1635 1985 1677 2019 et

299 2059 392 2086 mea
425 2049 479 2086 sit
517 2045 763 2093 vobiscum,
799 2054 841 2087 et
875 2053 1011 2087 vestra
1039 2060 1222 2087 mecum.
1253 2044 1306 2086 Et
1331 2044 1445 2086 fovea
1469 2052 1564 2101 post
1588 2044 1675 2086 hoec

299 2119 487 2167 paratur,
512 2125 760 2167 ponensque
784 2111 840 2152 ibi
865 2112 1112 2154 vestimenta
1131 2110 1302 2153 intravit
1327 2111 1559 2152 osculando
1579 2110 1677 2152 Dis-

299 2174 459 2233 cipulos
479 2190 578 2217 cum
596 2176 912 2234 Discipulorum
927 2191 1109 2218 moeroro
1126 2186 1167 2218 et
1184 2177 1371 2218 lamento
1397 2191 1406 2218 z
1430 2185 1471 2218 et
1486 2191 1586 2218 occe
1605 2176 1678 2217 lux

298 2243 406 2285 sacta
432 2250 494 2284 cst
519 2250 632 2284 tanta
653 2241 740 2284 sere
757 2258 832 2300 per
859 2258 985 2285 unam
1010 2243 1160 2285 horam
1199 2259 1323 2301 super
1355 2244 1559 2300 populum
1581 2275 1590 2290 ‚
1630 2249 1677 2283 ut

298 2309 438 2350 nullus
477 2316 617 2365 posset
649 2323 741 2350 eam
779 2309 998 2351 sustinere.
1042 2310 1091 2350 Et
1114 2309 1281 2366 signans
1308 2324 1350 2351 so
1387 2307 1677 2350 sanctissimus

298 2375 565 2430 Evangelista
589 2375 765 2417 transire
788 2376 916 2433 coepit
941 2383 1104 2427 tecum,
1137 2375 1316 2417 Domine
1336 2374 1450 2416 Jesu.
1481 2374 1561 2421 Tu,
1591 2373 1679 2415 Do-

300 2441 437 2491 mine,
458 2456 627 2483 mecum
651 2456 818 2499 semper
840 2443 951 2484 solus
975 2442 1040 2483 sis.
1066 2442 1116 2484 Et
1140 2441 1229 2483 haec
1249 2442 1414 2490 dicens,
1441 2440 1559 2496 jubet
1577 2439 1678 2483 sein

301 2509 496 2567 sepulcro
519 2507 740 2564 cooperiri.
769 2508 821 2550 Et
844 2508 902 2550 sic
931 2508 1216 2550 sanctissimus
1238 2507 1368 2550 Josue'
1385 2541 1394 2556 ‚
1421 2508 1462 2549 in
1480 2522 1563 2564 quo
1587 2517 1678 2550 erat

347 2593 361 2635 ¹*
376 2614 474 2646 Joan.
493 2622 565 2650 xxx,
588 2623 639 2653 19-
662 2629 703 2635 —
719 2610 838 2644 21bid.
859 2623 913 2644 21.
932 2630 977 2637 -
996 2610 1010 2636 3
1029 2612 1113 2645 Ibid.
1131 2624 1188 2649 22.

344 2693 394 2738 (ι)
408 2693 488 2726 Cod.
507 2693 633 2726 imitati.
655 2713 699 2719 -—
718 2695 766 2737 (2)
785 2695 833 2729 ld.
854 2695 927 2735 sibi,
947 2703 976 2727 et
995 2696 1039 2728 sic
1055 2696 1220 2740 deinceps,
1241 2713 1283 2722 -
1301 2694 1352 2741 (3)
1372 2698 1447 2729 Haec
1466 2701 1497 2728 et
1514 2695 1679 2740 sequentia

297 2763 333 2784 ex
349 2749 541 2795 apocryphis
560 2756 591 2782 et
605 2750 754 2784 fabulosis
771 2751 922 2785 videntur
939 2753 1117 2797 desumpta.
