1885 3284
332 262 392 308 58
738 279 771 308 s,
817 278 1062 310 AUGUSTINI
1099 280 1302 310 EPISGOPI

332 343 427 388 nuit
448 344 584 389 virtus
603 354 756 392 vestra.
786 347 916 391 Facta
955 357 1055 392 sunt
1078 346 1130 391 de
1166 346 1293 391 vobis
1331 344 1543 390 lucrativa
1581 361 1703 389 com-

332 413 494 458 mercia
515 451 525 468 ,
551 425 598 459 ut
631 432 708 478 per
731 432 805 461 vos
828 417 964 462 iretur
992 417 1045 462 ad
1092 416 1271 476 gloriam
1294 453 1303 470 ‚
1339 416 1440 478 quia
1474 425 1705 460 tenuerunt

332 485 545 547 Martyres
569 485 614 530 in
635 485 832 547 passione
851 488 1155 534 constantiam.
1176 508 1194 527 α
1214 489 1280 532 En
1297 487 1452 548 (1)ubi
1472 497 1549 541 est,
1569 503 1699 538 mors,

335 575 355 595 >2
381 554 565 600 victoria
591 559 698 601 tua?
723 556 800 601 ubi
819 568 906 613 est,
935 575 1051 603 mors
1075 595 1085 612 ,
1114 556 1476 603 aculeustuus12³
1503 578 1521 598 »
1543 557 1703 600 Totum

330 622 492 683 frangit
514 625 589 687 qui
620 626 730 670 niori
771 626 838 689 (2)
881 644 968 672 non
990 628 1138 682 timet3
1167 637 1305 672 totum
1344 638 1523 688 superat
1547 627 1621 688 qui
1653 626 1706 670 ad

334 695 559 740 Christum
584 696 810 742 moriendo
843 698 1028 744 festinat.
1062 698 1159 743 Non
1177 698 1291 742 enim
1317 707 1457 760 potest
1475 696 1708 741 formidare

334 781 513 827 poenam
532 766 609 829 qui
637 784 678 811 se
697 768 778 813 scit
803 787 823 813 a
851 780 987 814 morte
1014 769 1298 814 transiturum
1325 767 1378 813 ad
1395 768 1545 813 vitam.
1583 767 1709 823 Quo-

334 835 464 880 modo
479 835 548 898 (25)
572 837 706 896 igitur
725 839 879 884 beatus
895 839 1154 885 Laurentius
1178 838 1249 884 illa
1272 839 1486 902 supplicis.
1512 875 1521 891 ‚
1543 837 1617 882 illa
1641 838 1707 882 in-

332 906 487 951 cendia
514 919 763 970 superaret,
797 909 878 954 nisi
896 921 1075 973 cuperet
1103 910 1156 955 ad
1178 910 1392 956 coelorum
1418 908 1581 972 palatia
1608 907 1706 953 laeta

336 976 519 1035 migrare
535 980 553 1022 P
573 978 761 1023 Noverat
780 997 968 1044 namque
983 980 1201 1026 victurum
1216 991 1224 1035 ί
1238 982 1329 1036 ζὼεθ
1342 997 1426 1024 csse
1444 989 1541 1041 post
1559 977 1704 1027 funus.

333 1058 432 1109 post
467 1048 609 1107 ignem
646 1048 861 1109 refrigeria
896 1062 1184 1114 reperturum.
1233 1051 1494 1096 Solvebatur
1521 1065 1709 1111 namque

333 1133 494 1180 corpus
512 1122 619 1178 eius,
638 1131 679 1165 et
696 1120 919 1167 defluebat
938 1122 1191 1168 ardentibus
1210 1122 1363 1186 prunis
1380 1140 1389 1176 ;
1407 1131 1602 1166 exustum
1617 1121 1704 1165 ibat

332 1188 376 1232 in
402 1189 564 1234 cineres
589 1200 630 1235 et
662 1189 830 1236 favillas
852 1230 862 1248 ‚
891 1193 1010 1255 quod
1032 1193 1085 1238 de
1105 1205 1218 1238 terra
1243 1192 1381 1237 fuerat
1412 1201 1702 1254 procreatum.

332 1259 562 1305 Reddebat
587 1263 753 1307 miserae
776 1263 972 1322 genitrici
996 1276 1173 1327 partum
1197 1280 1344 1311 suum*
1370 1261 1630 1307 refundebat
1652 1262 1709 1306 li-

332 1346 463 1374 mosae
493 1331 621 1376 matri
647 1332 871 1377 vasculum
907 1350 1050 1380 suum.
1077 1333 1206 1390 Quod
1232 1333 1285 1377 de
1311 1343 1420 1377 terra
1444 1343 1669 1393 acceperat
1696 1369 1704 1381 ,

333 1409 457 1445 terrae
482 1400 719 1455 reddebat;
749 1403 867 1465 quod
893 1403 946 1449 de
963 1404 1100 1449 humo
1124 1405 1379 1456 increverat,
1405 1404 1581 1447 flamma
1601 1419 1708 1447 con-

330 1470 479 1517 flabat.
506 1472 627 1528 Quid
647 1473 780 1532 igitur
800 1474 911 1519 inter
932 1475 1030 1520 haec
1052 1486 1269 1520 tormenta
1291 1475 1471 1537 spiritns
1493 1473 1703 1519 faciebat.

331 1540 411 1586 nisi
438 1545 492 1586 ad
518 1542 618 1588 coeli
643 1555 786 1605 partes
823 1545 1088 1590 subvolabat
1125 1546 1224 1608 [5)’3
1262 1545 1358 1589 Non
1401 1545 1511 1589 enim
1538 1555 1708 1607 poterat

332 1613 477 1656 anima
500 1611 598 1671 igne
620 1615 770 1658 terreri
792 1651 801 1670 ‚
836 1615 939 1677 quia
962 1615 1005 1660 in
1033 1633 1162 1661 carne
1187 1633 1272 1660 non
1300 1625 1470 1678 poterat
1499 1616 1706 1677 superari.

331 1682 421 1726 Vox
445 1699 545 1742 ergo
581 1685 644 1744 (6)
681 1685 875 1730 omnium
917 1685 1159 1748 Martyrum
1184 1685 1256 1730 illa
1283 1696 1345 1730 est
1366 1722 1376 1740 ,
1413 1701 1513 1748 quae
1536 1685 1708 1730 canitur

330 1752 374 1796 in
406 1753 579 1799 Psalmo
607 1772 618 1798 ε
646 1775 665 1795 c<
709 1755 862 1800 Anima
887 1767 1031 1801 nostra
1056 1756 1168 1801 sicut
1192 1773 1336 1818 passer
1366 1755 1548 1800 liberata
1575 1766 1636 1800 est
1655 1756 1708 1800 do

332 1845 352 1865 »
381 1825 629 1888 muscipula
651 1827 920 1874 venantium.
951 1828 1200 1890 Muscipnla
1225 1828 1413 1873 contrita
1439 1838 1500 1872 est
1533 1827 1600 1889 (7)
1626 1864 1636 1883 ,
1667 1839 1706 1872 et

331 1913 453 1941 »nos
489 1896 662 1943 liberati
699 1914 848 1943 sumus
877 1899 963 1961 (8)
1002 1898 1283 1959 Adjutorium
1308 1910 1505 1943 nostrum
1545 1899 1590 1943 in
1625 1916 1706 1944 no-

330 1988 350 2009 »
372 1968 488 2012 mine
512 1969 711 2024 Domini,
736 1970 812 2032 qui
829 1969 933 2015 fecit
952 1970 1115 2016 coelum
1145 1982 1187 2015 et
1222 1982 1377 2015 terram
1394 1969 1428 2015 4.
1452 1992 1470 2011 »
1505 1971 1704 2015 Cremata

329 2038 538 2097 igiturest
560 2050 740 2098 angusta
764 2051 805 2084 et
819 2040 981 2100 fragilis
1005 2042 1200 2105 corporis
1223 2059 1352 2086 cavea
1375 2079 1385 2096 ,
1409 2052 1450 2085 et
1473 2041 1586 2086 sieut
1612 2059 1708 2103 pas-

328 2124 392 2153 ser
426 2108 479 2153 de
508 2109 695 2155 vinculis
719 2111 875 2167 evasit,
907 2113 1110 2174 Martyris
1139 2113 1281 2157 anima
1306 2111 1489 2156 liberata
1514 2122 1576 2156 est
1596 2147 1605 2164 ,
1636 2129 1707 2157 re—

327 2188 510 2241 ceptura
529 2179 573 2224 in
592 2180 677 2225 fine
697 2197 859 2244 corpus
877 2198 1004 2227 suum
1029 2220 1038 2236 ‚
1062 2182 1165 2245 quia
1191 2183 1304 2227 Deus
1320 2182 1492 2236 artifex,
1520 2182 1596 2243 qui
1614 2181 1706 2239 dig-

326 2260 454 2295 natus
474 2261 537 2295 est
554 2251 746 2296 hominis
764 2269 1048 2298 annumerare
1079 2252 1262 2315 capillos
1281 2290 1291 2308 ,
1324 2252 1563 2316 spopondit
1594 2253 1704 2298 nihil

331 2321 470 2366 eidem
495 2321 580 2383 ipsi
615 2323 792 2385 corpori
815 2323 1059 2386 periturum
1095 2341 1105 2368 ε
1131 2345 1149 2363 α
1172 2323 1369 2386 Capillus
1391 2361 1401 2378 ,
1444 2323 1616 2386 inquit,
1652 2323 1705 2368 de

335 2412 356 2433 >³
381 2393 524 2455 capite
541 2403 683 2439 Vestro
705 2411 792 2439 non
812 2395 1011 2457 peribit-⁰³.
1032 2418 1050 2437 »

378 2476 386 2496 ¹
414 2487 424 2504 1
448 2476 523 2507 Cor.
539 2487 591 2513 xv,
610 2478 661 2507 55,
678 2477 752 2500 ——2
772 2478 849 2508 psal,
867 2489 979 2519 cxxni,
1000 2491 1029 2517 7,
1046 2479 1080 2511 8.
1101 2496 1138 2502 —
1161 2475 1175 2499 3
1194 2480 1269 2510 Luc.
1290 2488 1356 2513 xxx,
1376 2478 1428 2509 18.

373 2529 424 2574 (1)
441 2532 601 2570 Cod.v111‚
619 2533 679 2562 lccu
693 2535 705 2562 !
721 2552 763 2556 —-
775 2539 821 2574 (2‘,
836 2534 886 2564 Sic
903 2534 974 2567 cod,
993 2545 1062 2572 v1123
1080 2533 1168 2565 deest
1180 2534 1261 2564 mori
1278 2533 1309 2564 in
1324 2532 1393 2564 cod.
1409 2530 1580 2577 θήῃ-«(3)
1595 2533 1699 2564 (Σοιῌ.

327 2588 408 2619 male
426 2590 574 2628 quando.
589 2607 633 2613 ——-
649 2587 696 2633 (¹.)
716 2589 764 2619 Sic
779 2589 849 2620 cod.
863 2601 937 2627 <1113
959 2590 1031 2621 cod.
1053 2601 1102 2620 cix
1124 2591 1299 2620 victorem.
1316 2606 1361 2611 —-
1384 2591 1429 2628 [5,
1450 2590 1570 2619 Desunt
1588 2588 1654 2619 haec
1671 2589 1701 2619 in

324 2644 394 2675 cod.
411 2646 574 2687 (ux—(1⁷3)
591 2645 668 2676 (jod.
682 2656 740 2676 *111
757 2644 966 2690 {gizan—(7)
982 2646 1030 2677 Id.
1049 2646 1235 2686 nmscipnloe
1249 2644 1394 2674 contrita»
1406 2652 1539 2675 sunt.—
1552 2640 1604 2688 (8)
1623 2643 1706 2674 Vide

326 2703 459 2741 August.
474 2702 618 2733 Eum-rat.
635 2701 667 2732 in
686 2701 768 2735 Psal.
788 2713 898 2740 cxxiii,
915 2713 1004 2735 num.
1028 2713 1063 2731 12
1078 2725 1085 2739 ,
1105 2701 1159 2732 ubi
1174 2700 1281 2732 eadem
1301 2701 1400 2731 utitur
1417 2700 1573 2732 veranne.
