1868 3301
347 353 439 418 398
608 371 642 401 st
685 368 928 399 Aucusnm
966 366 1169 397 EPISCOPI
1208 367 1445 398 Arm-:unm

346 436 448 479 mini
473 435 685 493 virginitas
721 450 804 477 non
836 433 976 491 potuit
1000 433 1169 481 violari,
1194 432 1252 475 sic
1289 433 1329 475 in
1361 433 1555 491 Martyris
1579 441 1720 476 mente

351 517 433 544 non
458 501 595 558 potuit
614 500 797 542 charitas
821 498 1027 554 dissipari.

409 565 480 610 lV.
517 566 594 608 Per
617 566 868 608 charitatem
904 564 979 606 Dei
1003 563 1122 605 miles
1146 564 1414 606 saevientihus
1445 564 1602 607 Judaeis
1640 579 1725 606 non

355 632 550 680 recessit3
586 647 661 688 per
700 630 949 672 charitatem
977 644 1054 686 pro
1092 630 1443 686 persequentibus
1466 629 1726 676 intercessit3

357 714 432 757 per
463 698 711 741 charitatem
736 695 975 752 Stephanus
1000 695 1202 751 arguebat
1223 704 1411 737 errantes
1434 728 1443 744 ‚
1470 705 1518 738 ut
1542 695 1730 752 corrige*

358 771 506 806 rentur
536 780 545 804 ε
570 779 646 822 per
670 762 920 804 charitatem
949 775 1026 818 pro
1056 761 1339 817 lapidantibus
1366 762 1537 809 orabat,
1574 776 1626 802 ne
1658 776 1732 817 pu-

360 830 566 872 nirentur.
608 827 832 870 Chai-itatis
870 826 930 883 (1)
961 826 1113 868 virtute
1141 826 1380 884 Stephanus
1421 827 1522 869 vicit
1556 827 1730 869 Saulum

362 896 592 938 crudeliter
619 893 908 941 insidiantem,
933 900 975 934 et
995 907 1122 948 quem
1160 892 1307 934 habuit
1334 893 1374 935 in
1408 902 1516 936 terra
1541 906 1730 951 persecu-

362 971 519 1009 torem,
540 961 580 1002 in
606 961 713 1002 coelo
736 959 892 1000 meruit
914 958 1069 1000 habere
1083 968 1342 1001 consortem.
1363 961 1455 1016 Ipsa
1479 968 1621 1002 sancta
1641 958 1736 1001 cha-

362 1028 460 1069 ritas
483 1026 692 1068 indesessa
715 1024 927 1067 desiderat
944 1023 1237 1080 moriendo(·2)
1262 1025 1503 1081 acquirere,
1528 1040 1632 1081 quos
1652 1039 1737 1066 non

363 1092 504 1149 potuit
528 1092 741 1133 monendo
767 1098 1016 1132 convertere
1040 1105 1049 1129 ε
1071 1104 1147 1146 per
1165 1090 1397 1132 orationem
1423 1091 1623 1147 Stephani
1641 1106 1737 1133 sur·-

364 1158 472 1200 rexit
498 1157 649 1199 Saulus
678 1157 813 1198 honus
832 1188 842 1204 ,
872 1156 942 1211 qui
963 1155 1077 1212 prius
1100 1163 1192 1197 erat
1215 1155 1406 1212 iniquus3
1432 1156 1586 1198 cecidit
1608 1156 1739 1198 saevis-

364 1227 493 1267 simus
518 1231 780 1282 persecutor,
805 1230 846 1264 et
870 1222 1052 1264 surrexit
1068 1221 1359 1263 severissimus
1382 1221 1739 1279 praedicator.Ca·

365 1293 467 1333 dens
485 1290 659 1338 Saulus,
686 1290 830 1331 lumen
851 1287 1038 1345 corporis
1075 1286 1281 1344 perdidit,
1309 1303 1482 1345 surgens
1504 1288 1657 1330 Paulus
1679 1289 1742 1329 lu-

367 1371 463 1398 men
487 1355 625 1397 cordis
655 1354 829 1410 recepit.
865 1354 976 1395 Ecce
1008 1367 1123 1394 nnnc
1163 1353 1314 1395 Saulus
1337 1367 1435 1395 cum
1458 1353 1674 1410 Stephano
1699 1353 1740 1394 in

365 1422 472 1463 coelo
494 1422 674 1469 laetatur‚
689 1434 787 1461 cum
809 1419 1025 1476 Stephano
1045 1418 1264 1475 gloriatur.
1292 1418 1414 1460 Nunc
1438 1417 1677 1474 Stephanus
1693 1418 1743 1460 de

366 1486 582 1529 consortio
609 1485 725 1527 Pauli
748 1500 913 1526 summe
934 1484 1154 1540 gloriatur,
1180 1484 1380 1540 quoniam
1406 1499 1568 1525 summa
1602 1484 1743 1526 chari-

370 1562 429 1595 tas
453 1553 491 1594 in
516 1560 695 1607 utroque
717 1552 895 1593 laetatur.
924 1550 1115 1592 Charitas
1135 1551 1290 1606 quippe
1312 1550 1514 1607 Stephani
1534 1551 1745 1607 superavit

368 1617 565 1661 szevitiam
588 1616 836 1659 Judaeorum
853 1649 863 1669 ,
885 1617 958 1657 sed
981 1616 1164 1658 charitas
1187 1615 1304 1657 Pauli
1323 1616 1544 1672 cooperuit
1561 1617 1746 1658 multitu-

369 1685 508 1727 dinem
530 1691 817 1739 peccatorum.
848 1682 885 1724 O
909 1681 997 1724 dies
1019 1681 1153 1724 sancti
1169 1715 1179 1730 ,
1209 1681 1296 1723 dies
1317 1682 1469 1723 laetitiae
1485 1691 1526 1723 et
1545 1681 1746 1738 jucundi-

370 1749 491 1800 tatis,
524 1749 565 1789 in
592 1748 747 1805 quibus
775 1755 818 1789 et
838 1762 913 1804 per
932 1755 1067 1788 totum
1092 1747 1299 1788 mundum
1326 1746 1516 1789 mellissui
1535 1748 1629 1789 facti
1650 1755 1745 1789 sunt

368 1813 485 1862 coeli,
516 1814 556 1855 in
582 1813 737 1869 quibus
759 1813 884 1854 etiam
910 1812 1172 1870 Stephanum
1202 1813 1408 1854 coelorum
1434 1813 1568 1855 civem
1588 1814 1745 1855 sactum

371 1895 461 1922 esse
480 1878 780 1936 conspicimus.
793 1877 934 1921 Voluit
955 1879 1066 1919 enim
1100 1877 1304 1920 Dominus
1329 1878 1503 1935 Martyri
1525 1893 1602 1921 suo
1621 1880 1747 1920 coelos

370 1955 559 2005 patentes
589 1945 751 2002 aperire
769 1977 780 1995 ‚
805 1953 851 1986 ut
873 1959 1074 2000 sequaces
1097 1943 1188 1999 ejus
1212 1944 1349 1985 securi
1371 1953 1510 1986 essent
1533 1945 1582 1986 de
1607 1960 1747 1986 remu—

369 2012 601 2055 neratione.
634 2009 774 2053 Voluit
796 2010 924 2051 etiam
948 2018 1060 2052 stans
1098 2010 1251 2058 videri,
1281 2019 1328 2052 ut
1357 2020 1398 2053 et
1423 2025 1568 2053 omnes
1590 2010 1747 2068 posteri

373 2079 548 2120 credant
570 2078 610 2118 in
632 2076 834 2133 martyrio
853 2076 989 2131 juvari
1007 2091 1027 2116 a
1045 2076 1460 2134 Domino.Ogrande
1480 2077 1747 2134 mysterium,

372 2144 543 2187 fratres!
567 2141 805 2199 Stephanus
827 2150 919 2183 orat
936 2174 944 2189 ‚
961 2142 1167 2183 etPaulus
1189 2142 1355 2183 Judaeos
1380 2142 1555 2191 incitat3
1579 2143 1750 2201 Stepha-

373 2225 450 2252 nus
475 2209 636 2266 parcit‚
674 2216 716 2250 et
757 2206 908 2249 Saulus
942 2222 1114 2264 parcere
1138 2208 1310 2264 nequit3
1350 2209 1589 2266 Stephanus
1619 2225 1751 2267 genu-

372 2275 505 2317 ssectit
526 2275 583 2330 (5)
599 2307 608 2321 ‚
642 2282 683 2316 et
704 2273 855 2316 Saulus
879 2274 1124 2316 vestimenta
1152 2275 1343 2316 omnium
1366 2276 1607 2317 custodiens
1631 2276 1744 2325 furit,

376 2350 421 2385 ut
440 2342 630 2383 omnium
650 2342 861 2398 particeps
882 2350 989 2382 esset
1009 2343 1231 2384 scelerum.
1257 2341 1338 2384 Sed
1359 2342 1496 2399 aspice
1516 2343 1746 2386 modicum.

376 2417 418 2450 et
443 2407 600 2450 videbis
623 2409 771 2464 lupum
796 2423 947 2464 agnum
972 2407 1128 2449 sactum
1146 2441 1155 2456 ,
1189 2410 1239 2450 de
1261 2409 1432 2450 inimico
1460 2410 1642 2452 amicum
1661 2443 1671 2458 ,
1702 2411 1752 2451 de

377 2484 649 2532 persecutore
673 2474 1007 2530 praedicatorem.
1030 2475 1067 2517 O
1087 2484 1292 2531 quantum
1309 2474 1568 2533 Stephanum
1596 2484 1748 2533 marty-

377 2555 466 2582 rem
490 2540 661 2581 laudare
683 2539 906 2581 dehemus!
945 2554 969 2580 o
996 2540 1161 2596 quantis
1194 2540 1468 2598 magnificare
1500 2540 1746 2598 praeconiis!

410 2663 421 2703 (
442 2662 470 2701 ι)
491 2662 585 2691 Deest
603 2658 671 2691 haer
689 2671 749 2691 vox
767 2660 871 2692 deleta
892 2660 924 2692 in
950 2660 1038 2702 cod.,
1057 2661 1136 2694 sicut
1157 2667 1186 2694 et
1208 2673 1266 2694 vox
1286 2662 1507 2696 insidiantem.
1525 2679 1570 2686 —
1586 2660 1637 2707 (2)
1653 2662 1702 2693 sio
1720 2668 1749 2694 et

371 2729 430 2750 vox
446 2716 624 2749 moriendo.
642 2733 686 2740 -—
703 2714 753 2761 (3N
772 2716 850 2751 Cod,
867 2717 1107 2760 genuflectitur,
