1868 3301
318 251 446 282 mmm
487 252 538 282 m:
575 251 777 283 οΜΝιΒυε
815 253 1109 295 vlnTn'rmUs,
1148 255 1242 287 mc.
1390 243 1482 306 495

121 318 197 360 nisi
212 331 308 359 cum
329 316 681 373 Compunctione.
705 318 1050 368 Idcircotuam‚o
1066 320 1211 370 Mater,
1236 322 1484 368 charitatem

120 383 281 432 hortor,
307 383 573 439 utquidquid
596 398 689 440 agas
708 418 718 432 ,
743 385 828 426 sive
851 385 1060 426 silentium
1086 395 1224 429 teneas
1241 421 1249 435 ,
1274 390 1340 430 vel
1359 391 1485 433 absti-

119 449 304 491 nentiam
328 448 473 496 facias,
501 451 566 490 vel
591 451 824 492 nuditatem
847 465 982 500 ames,
1017 452 1080 492 vel
1106 453 1262 508 vigilias
1282 453 1482 510 inquiras,

119 515 259 556 omnia
277 528 373 556 cum
402 514 477 555 Dei
502 530 644 557 amore
666 515 792 557 facias
815 517 894 573 (ι),
921 524 962 557 et
990 530 1086 557 cum
1123 517 1344 574 lacrymis,
1375 529 1417 562 et
1452 522 1485 564 si

120 582 316 637 lacrymae
344 595 426 622 non
450 590 712 630 occurrunt,
739 582 844 623 adsit
873 581 946 622 tibi
965 581 1246 638 Compunctio
1269 586 1484 635 salutaris;

121 647 174 687 ita
201 646 407 687 duntaxat
432 660 528 687 cum
560 645 836 695 discretione,
864 647 914 687 de
940 661 1020 702 qua
1049 662 1173 703 supra
1207 649 1366 691 dictum
1392 660 1486 701 est,

120 709 263 759 facias,
289 721 334 752 ut
353 726 426 768 per
449 719 488 752 te
509 725 591 752 non
617 711 956 752 scandalizentur
972 711 1076 759 aliae,
1095 713 1167 753 sed
1191 713 1327 768 potius
1350 715 1488 758 aedifi-

120 783 283 818 centur.
313 775 453 817 Simus
475 776 602 832 igitur
624 777 663 817 in
689 777 802 818 omni
821 791 947 833 opere
976 784 1120 818 nostro
1142 781 1386 835 compuncti
1406 814 1418 827 .
1443 791 1490 824 ut

120 840 329 898 possimus
354 841 496 883 dicere
522 841 704 883 Domino
730 857 825 883 cum
844 842 1058 883 psalmista
1084 843 1387 886 :aflolocausta
1408 861 1493 888 me-

122 907 311 948 ndullata
352 905 525 948 offeram
550 906 662 948 tibi¹.
688 925 703 945 n
727 907 1030 948 Holocaustum
1059 922 1156 948 vero
1186 915 1320 950 totum
1345 910 1492 953 incen-

121 985 212 1013 sum
237 970 406 1013 dicitur.
434 971 736 1013 Holocaustum
764 980 902 1013 autem
920 970 1043 1013 offert
1064 972 1152 1014 Deo
1168 1005 1178 1021 ,
1199 973 1269 1030 qui
1293 983 1427 1017 totum
1450 991 1493 1017 se

119 1036 211 1079 Deo
235 1036 363 1078 tradit
383 1053 393 1084 3
417 1038 532 1092 quod
556 1037 607 1078 ad
632 1036 940 1078 monachorum
963 1036 1205 1093 spiritaliter
1226 1040 1405 1095 pertinet
1425 1055 1493 1082 or-

119 1101 274 1144 dinem.
303 1102 384 1143 Per
401 1102 630 1143 medullam
655 1101 889 1143 holocausti
919 1103 1201 1158 Compunctio
1231 1103 1485 1161 designatur.

118 1165 424 1209 Holocaustum
436 1168 526 1209 sine
547 1169 732 1209 medulla
756 1176 819 1209 est
841 1168 1001 1209 honum
1019 1168 1107 1210 sine
1127 1168 1491 1227 Compunctione;

122 1231 420 1274 holocaustum
446 1231 724 1274 medullatum
748 1232 838 1274 Deo
877 1232 1110 1285 offerimus,
1137 1235 1306 1290 quando
1338 1236 1498 1278 bonum

121 1312 226 1354 opus
257 1312 357 1339 cum
383 1297 725 1354 Compunctione
748 1297 1006 1354 perficimus.
1036 1298 1151 1340 Hanc
1176 1300 1302 1355 igitur
1338 1303 1499 1344 medul-

123 1363 206 1404 lam
239 1362 328 1420 ipse
364 1363 583 1405 Psalmista
623 1363 722 1404 alibi
751 1363 944 1404 nominat
974 1363 1276 1420 pinguedinem
1304 1381 1345 1407 :c
1370 1368 1498 1409 Holo-

121 1445 137 1466 ιι
152 1436 344 1469 caustum
366 1436 487 1470 tuum
510 1427 666 1484 pingue
688 1426 798 1469 fiat2.
821 1446 837 1467 1>
852 1428 998 1485 Magna
1021 1437 1082 1470 est
1102 1444 1201 1486 ergo
1218 1431 1349 1473 virtus
1375 1432 1498 1475 Com·

121 1492 396 1550 punctionis,
440 1493 491 1534 de
523 1507 604 1548 qua
629 1493 670 1533 in
696 1492 775 1533 vita
799 1492 970 1533 Patrum
1003 1493 1211 1549 scriptum
1250 1505 1323 1538 est.
1352 1497 1501 1540 Frater

121 1558 294 1614 quidam
317 1557 589 1613 interrogavit
605 1558 831 1612 quemdam
851 1572 992 1598 senem
1013 1557 1156 1599 dicens
1181 1574 1222 1599 :«
1237 1559 1375 1610 Pater,
1400 1563 1503 1618 quid

122 1622 272 1664 faciam
287 1654 296 1669 ,
321 1622 416 1678 quia
442 1624 560 1663 malae
585 1622 864 1678 cogitationes
885 1637 953 1662 me
974 1624 1274 1680 comprimunt.
1301 1646 1316 1663 n
1336 1627 1446 1669 Dixit
1463 1628 1502 1671 ei

124 1703 283 1730 senex:
319 1705 332 1725 ι(
354 1688 478 1729 Flere
511 1702 678 1744 semper
711 1688 927 1729 debemus,
963 1688 1069 1730 Dico
1099 1689 1195 1737 tibi,
1222 1691 1368 1740 frater,
1405 1694 1501 1750 quia

129 1751 304 1809 contigit
327 1751 552 1808 aliquando
573 1753 802 1809 quemdam
836 1767 977 1794 senem
998 1754 1129 1802 mori,
1156 1764 1197 1796 et
1231 1759 1501 1812 postmodum

126 1816 166 1858 in
186 1832 230 1859 se
249 1819 383 1874 ipsum
399 1817 548 1858 reverti
566 1833 576 1864 3
597 1817 1002 1874 etinterrogavimus
1019 1833 1116 1860 eum
1140 1819 1327 1864 dicentes
1341 1838 1349 1863 ε
1363 1823 1502 1873 «Quid

123 1882 288 1932 vidisti,
316 1882 469 1924 abbas?
493 1900 507 1920 »
539 1882 591 1923 Et
614 1883 700 1939 ipse
726 1884 910 1924 narravit
934 1885 1103 1939 plorans
1126 1886 1268 1928 omnia
1290 1902 1504 1944 quaecum·

123 1963 205 2005 que
227 1947 330 1989 vidit
346 1955 388 1989 et
410 1947 593 1995 audivit,
621 1948 765 1989 dicens
788 1962 829 1989 :a
852 1947 1005 1989 Audivi
1027 1949 1111 1991 illic
1131 1964 1276 1992 vocem
1297 1953 1385 1994 sine
1409 1967 1504 1996 ces-

125 2012 286 2055 satione
308 2012 518 2054 dicentem
546 2027 554 2053 :
576 2012 646 2055 Vae
669 2013 771 2054 mihi
792 2014 799 2053 1
828 2028 886 2054 vae
909 2013 1034 2055 mihi!
1063 2032 1078 2054 2»
1106 2013 1261 2071 Sicque
1283 2031 1360 2059 nos
1381 2033 1503 2075 aper-

126 2078 285 2121 tissime
309 2078 450 2120 dicere
472 2077 689 2120 debemus.
727 2097 742 2116 »
770 2078 1045 2134 Apertissime
1085 2094 1181 2120 vero
1206 2080 1247 2122 in
1270 2079 1333 2123 his
1363 2083 1502 2125 verbis

127 2157 350 2201 possumus
362 2157 619 2199 cognoscere
635 2175 644 2190 ,
667 2158 797 2200 quare
814 2142 914 2184 ssere
934 2144 1179 2193 conveniat,
1195 2160 1247 2187 ne
1264 2155 1362 2203 post
1376 2146 1502 2203 hujus

128 2209 220 2251 vitae
243 2208 473 2250 discessum
510 2208 551 2249 in
584 2209 747 2250 luctum
769 2209 984 2250 veniamus
1004 2218 1224 2253 aeternum.
1254 2212 1361 2254 Utile
1383 2227 1504 2254 nam—

127 2289 210 2331 que
229 2273 453 2316 consilium
473 2282 536 2315 est
556 2273 637 2315 hoc
662 2276 711 2316 ad
735 2283 898 2332 tempus
920 2275 1167 2331 deplorare,
1190 2276 1286 2332 quia
1310 2277 1397 2319 haec
1417 2278 1500 2320 vita

133 2339 291 2386 brevis,
311 2347 353 2380 et
374 2339 544 2387 labens,
586 2347 628 2380 et
666 2339 724 2395 (2)
747 2339 920 2387 misera,
959 2347 1000 2380 et
1036 2339 1119 2381 cito
1148 2340 1387 2383 transitura.
1426 2342 1499 2384 Illa

133 2417 314 2460 namque
331 2402 413 2444 vita
435 2404 596 2444 nullum
622 2403 848 2445 terminum
877 2403 1004 2445 habet
1028 2436 1038 2451 ,
1065 2418 1279 2461 nunquam
1302 2404 1496 2455 finietur:

183 2515 190 2535 ¹
211 2515 291 2548 Psal.
310 2525 386 2551 mxv,
410 2513 548 2545 15.—2
564 2513 759 2551 Id.x1x,.‘..

183 2594 414 2639 (1)(lod.l'a‹r.
433 2596 689 2638 ——(2)1d.ese.
