1885 3284
428 276 558 307 mium
595 277 652 306 DE
687 276 834 306 PUGNA
873 275 1107 306 vmonum.
1368 254 1451 300 153

90 343 338 403 degentium
358 352 399 387 et
422 340 653 404 spirituum
680 355 979 404 supernorum.
1008 338 1104 385 Illic
1131 337 1346 402 siquidem
1370 351 1416 380 su
1433 362 1445 368 -

90 413 214 477 perni
237 413 351 458 cives
374 411 428 457 ad
463 410 680 475 colloquia
716 413 908 457 humana
936 411 1227 464 conveniunt,
1264 407 1339 453 ubi
1363 421 1452 450 non

90 495 178 529 tam
196 482 357 543 linguae
375 482 516 527 carnis
531 483 660 527 verba
680 492 972 545 componunt,
989 497 1122 543 quam
1145 480 1211 542 (is)
1228 479 1316 524 sine
1338 476 1455 520 vocis

89 553 273 616 strepitu
294 551 481 598 facunda
511 554 718 598 mentium
742 571 897 599 arcana
931 561 1170 615 patescunt.
1195 548 1312 595 Cella
1337 545 1456 592 deni-

91 642 174 688 que
191 624 362 670 conscia
386 634 446 668 est
470 625 616 668 setrrti
638 624 806 669 consilii
828 661 838 675 ,
871 623 989 687 quod
1021 622 1152 667 habet
1182 637 1282 665 cum
1308 616 1457 663 homi-

91 696 223 741 nibus
247 697 378 742 Deus.
396 694 538 750 Quam
559 695 745 758 pulchra
764 712 905 741 rernm
932 695 1117 757 species,
1144 709 1243 737 cum
1270 690 1397 734 frater
1414 687 1457 732 in

90 766 196 813 cella
217 767 480 812 constitutus
507 778 740 811 nocturnas
762 766 928 829 peragit
947 762 1237 828 psalmodias,
1268 773 1307 806 et
1338 759 1459 822 quasi

86 853 168 901 pro
187 836 346 882 divinis
367 837 517 882 castris
537 837 741 882 militares
760 836 953 882 custodit
972 837 1037 896 (ὅ.)
1070 833 1271 880 excubias
1295 832 1304 877 l
1333 832 1455 875 Con-

87 906 325 970 templatur
347 907 392 952 in
411 907 524 953 coeio
543 924 694 953 cursus
716 908 920 959 siderum,
939 905 1133 952 decurrit
1152 904 1216 967 (3)
1235 902 1361 947 etiam
1382 916 1459 963 per

86 994 132 1024 os
155 982 246 1037 ejus
268 977 375 1023 ordo
400 977 666 1041 psalmorum
685 998 695 1029 ;
722 989 763 1023 et
784 979 896 1024 sicut
924 975 1216 1039 praecedentes
1235 991 1284 1019 ac
1304 972 1456 1017 subse-

88 1059 266 1112 quentes
285 1048 417 1095 stellae
432 1048 485 1094 ad
506 1048 620 1094 diem
641 1066 737 1093 suas
750 1047 1066 1093 vicissitudines
1083 1043 1339 1090 alternando
1361 1058 1455 1105 per-

90 1118 292 1174 veniunt,
328 1120 386 1165 ita
429 1119 582 1181 psalmi
620 1137 667 1164 ex
703 1136 774 1163 ore
803 1122 895 1177 ejus
932 1129 1139 1179 tanquam
1182 1132 1229 1160 ex
1259 1113 1450 1177 quodum

89 1190 252 1235 oriente
268 1190 526 1253 procedunt,
539 1202 581 1235 et
599 1189 653 1235 ad
671 1207 796 1235 suum
814 1190 940 1234 linem
957 1186 1167 1250 paulatim
1187 1185 1306 1230 velut
1326 1182 1451 1245 parili

93 1277 193 1306 cum
214 1261 430 1306 sideribus
452 1262 698 1324 aequatione
719 1262 783 1320 (A)
805 1260 1060 1305 decurrunt.
1091 1260 1172 1302 [ste
1208 1273 1297 1301 suae
1325 1254 1462 1300 servi-

93 1332 198 1377 tutis
211 1332 386 1377 exhibet
404 1332 686 1377 ministerium
699 1369 708 1377 .
729 1332 814 1376 itlae
828 1331 1072 1389 delegatum
1090 1329 1173 1373 sibi
1189 1336 1462 1390 exequuntur

95 1400 303 1448 officium.
337 1403 421 1446 Iste
442 1402 666 1464 psallendo
687 1403 942 1447 intrinsecus
965 1400 1018 1444 ad
1038 1399 1180 1444 lucem
1197 1397 1333 1442 tendit
1348 1397 1466 1441 inac-

94 1471 354 1526 cessibilem,
373 1472 459 1518 illae
474 1473 555 1517 sibi
571 1473 756 1518 invicem
780 1470 1053 1516 succedendo
1072 1473 1162 1529 ejus
1180 1467 1462 1513 exterioribus

94 1541 232 1587 oculis
250 1542 465 1588 visibilem
484 1554 690 1606 reparant
708 1543 820 1587 diem
846 1579 857 1592 ,
877 1552 917 1586 et
937 1541 1042 1586 dum
1065 1551 1247 1602 utraque
1268 1537 1321 1583 ad
1339 1553 1465 1582 suum

96 1612 227 1657 finem
251 1612 422 1659 diverso
449 1614 600 1659 itinere
621 1624 878 1677 properant,
896 1628 1018 1657 servo
1040 1610 1123 1655 Dei
1141 1606 1469 1672 quodammodo

97 1693 140 1728 et
163 1683 258 1746 ipsa
282 1684 493 1731 elementa
513 1684 824 1730 subserviendo
845 1680 1262 1729 concorclant.Cella
1284 1679 1471 1742 denique

100 1756 218 1799 testis
234 1765 312 1809 est,
332 1766 500 1819 quanto
518 1755 655 1801 divini
674 1756 834 1800 amoris
851 1755 948 1814 igne
962 1771 1037 1799 cor
1054 1752 1216 1798 ferveat
1233 1789 1240 1805 ‚
1265 1762 1306 1796 et
1325 1761 1472 1795 utrum

99 1824 305 1888 perfectae
337 1826 580 1872 devotionis
612 1826 815 1871 instantia
849 1825 949 1887 quis
994 1824 1067 1868 Dei
1101 1822 1257 1868 faciem
1281 1831 1463 1884 quaerat.

102 1896 235 1941 Novit
252 1913 354 1942 cum
379 1914 497 1942 mens
516 1897 704 1943 hominis
726 1896 911 1943 coelestis
941 1895 1091 1955 gratize
1123 1910 1218 1938 rore
1243 1890 1474 1955 perfundi-

103 1978 191 2022 tur,
216 1978 256 2012 et
283 1985 361 2031 per
379 1969 731 2031 compunctionis
761 1967 912 2013 fletum
934 1965 1230 2028 lacrymarum
1253 1961 1475 2008 inundan-

104 2038 213 2083 tium
241 2038 457 2084 imbribus
476 2039 703 2099 irrigatum
732 2039 808 2085 ubi
832 2076 843 2093 ‚
871 2038 948 2083 etsi
972 2055 1018 2082 ex
1043 2035 1211 2082 carneis
1244 2032 1382 2079 oculis
1417 2033 1475 2078 la-

105 2125 270 2172 crymae
296 2126 383 2154 non
403 2121 643 2173 erumpunt
668 2148 677 2157 .
714 2110 807 2173 ipsa
826 2120 971 2153 tamen
998 2104 1245 2152 amaritudo
1274 2104 1418 2149 cordis
1455 2121 1476 2147 a

104 2179 400 2243 lacrymarum
424 2180 641 2226 fructibus
662 2198 749 2226 non
775 2179 976 2238 elongat3
1005 2177 1106 2240 quia
1133 2175 1253 2238 quod
1283 2191 1329 2219 ex
1357 2190 1477 2218 ramo

106 2251 234 2296 exteri
254 2252 338 2297 oris
358 2253 491 2297 arenti
519 2252 584 2314 (5)
609 2269 692 2297 non
714 2251 953 2311 colligitur,
972 2250 1013 2294 in
1035 2249 1127 2311 ipsa
1146 2246 1317 2291 humidi
1335 2244 1480 2290 cordis

106 2323 260 2368 virenti
279 2340 446 2387 semper
464 2323 608 2368 radice
630 2335 836 2368 servatur.
867 2321 1037 2367 Sufficit
1056 2319 1168 2365 enim
1189 2355 1198 2369 ,
1222 2317 1255 2362 si
1278 2334 1396 2362 mens
1414 2316 1470 2361 sit

104 2391 283 2450 flebilis,
304 2394 471 2440 etiamsi
494 2395 656 2454 Jugiter
685 2394 787 2439 flere
811 2410 895 2438 non
919 2391 1067 2455 possit.
1096 2388 1219 2434 Cella
1244 2398 1305 2432 est
1325 2403 1472 2447 ergas-

155 2511 204 2551 (1)
233 2510 311 2542 Cod.
327 2523 412 2553 quoe.
433 2530 478 2535 —
502 2512 551 2553 (2)
577 2511 624 2543 Id.
652 2510 843 2542 custodiunt.
865 2528 907 2534 ——
935 2509 982 2551 (3)
1014 2508 1064 2541 Id.
1092 2507 1272 2537 decursum.
1292 2522 1335 2528 —
1363 2504 1411 2546 (4)
1432 2503 1481 2535 Id·

109 2564 290 2607 quiatione.
322 2585 367 2592 —
398 2563 517 2613 (5)1d.
537 2566 656 2609 absque
683 2578 773 2599 sensu
801 2566 1009 2602 accidentiae,
1038 2562 1124 2606 quod
1141 2559 1306 2604 opinando
1326 2560 1482 2600 corrigere

118 2623 318 2657 tentavimus.
