1868 3301
239 344 371 376 mmm
405 344 461 375 DE
499 343 807 374 coiurAssmNss
847 343 886 374 Β.
929 343 1081 373 MAMAE
1120 343 1332 376 vmfflms.
1410 332 1501 392 473

133 407 210 452 sub
232 409 396 467 lapide,
425 410 624 452 manabat
651 409 708 465 (ι)
736 409 859 450 undis
892 424 965 466 per
1000 417 1146 450 totum.
1183 410 1297 452 Illius
1334 412 1439 454 sacta
1464 420 1504 454 et

133 489 258 532 opera
283 475 508 517 revocabat
533 473 583 516 ad
616 482 825 521 mentem3
847 474 937 529 quis
959 474 1021 514 vel
1044 474 1176 529 qualis
1203 475 1351 524 suerat,
1379 492 1503 533 quem

133 539 225 581 sine
247 539 423 582 libidine
443 540 527 596 ipsa
549 540 664 595 virgo
684 538 880 595 concepit
902 547 943 580 et
966 538 1131 595 peperit
1153 540 1202 580 ab
1225 542 1338 582 omni
1360 543 1504 583 dolore

133 603 344 646 immunis.
368 604 521 646 Totum
554 612 642 646 erat
664 604 701 644 ei
725 604 811 661 ipse
828 636 837 650 ‚
873 618 970 645 cum
1004 605 1061 659 (2)
1097 603 1184 661 ipse
1208 606 1392 655 vivebat,
1419 615 1505 647 tan-

132 683 260 726 quam
280 669 490 712 Dominus
513 685 633 718 suus,
657 678 699 710 et
719 671 855 717 Deus,
880 677 921 710 et
945 669 1094 710 unicus
1115 669 1243 711 Filius
1269 679 1351 712 tam
1376 673 1506 713 dilec-

137 743 226 782 tus3
249 743 291 776 et
317 750 429 776 nunc
458 735 515 776 illi
544 736 602 777 sic
625 742 735 786 erat,
762 735 871 776 sicut
900 743 1086 791 poterat,
1112 742 1154 776 et
1183 750 1271 776 esse
1299 737 1503 786 debebam

132 801 246 842 unde
262 809 304 842 et
321 800 488 843 dicebat
503 801 640 843 eidem
663 815 704 841 :«
727 800 818 848 Dic,
842 799 919 842 Fili
939 799 1194 849 dulcissime,
1210 800 1292 849 die,
1315 802 1371 842 mi
1391 817 1509 843 amor

134 867 284 916 unice,
311 867 389 908 vita
416 882 519 908 meae
539 867 709 916 animae,
731 867 942 923 singulare
965 867 1165 924 gaudium
1180 899 1190 915 ,
1211 867 1383 910 unicum
1407 871 1510 911 sola-

134 931 239 974 tium
266 941 308 975 et
330 947 455 974 omne
479 932 732 974 desiderium
749 965 760 980 ‚
793 947 922 988 quare
949 947 1016 973 me
1053 932 1247 974 afflictam
1281 934 1339 974 sic
1371 935 1511 976 dolere

134 996 371 1052 permittis?
393 998 478 1037 Cur
502 1005 586 1038 tam
621 998 744 1054 longe
774 996 908 1038 sactus
935 998 1163 1040 desolatam
1202 997 1426 1055 relinquis,
1471 1009 1512 1042 et

134 1062 274 1120 potius
293 1077 380 1104 non
397 1062 497 1104 facis
517 1063 673 1104 sociam
694 1072 775 1104 tuae
794 1062 969 1105 mortis?
986 1064 1102 1105 Heu!
1124 1064 1226 1105 heu!
1247 1065 1359 1106 Deus
1376 1081 1511 1114 meus,

135 1128 229 1184 quis
251 1128 541 1171 consolabitur
561 1128 740 1186 amplius
760 1129 885 1170 vitam
907 1129 1077 1171 meam?
1095 1130 1273 1186 Respice
1296 1130 1336 1171 in
1361 1145 1444 1181 me,
1473 1140 1514 1173 et

134 1195 242 1242 mei,
261 1195 441 1237 Domine
459 1227 469 1245 ‚
491 1195 705 1237 miserere.
732 1213 747 1234 »

177 1259 431 1310 VIlI.Dicat‚
446 1261 904 1318 sipotest,quicumque
916 1261 1055 1303 dicere
1066 1261 1200 1318 cupit,
1213 1277 1338 1319 quam
1360 1262 1514 1305 Christi

134 1324 311 1369 Matrem
337 1327 506 1368 tenebat
533 1341 730 1368 mensura
760 1326 934 1369 doloris.
966 1326 1147 1384 Virginis
1182 1328 1371 1370 dolorem
1394 1344 1515 1386 posse

136 1391 298 1433 narrari
319 1405 406 1434 non
429 1392 571 1433 credo.
599 1392 758 1434 Tantus
780 1401 870 1434 erat
896 1408 1068 1441 moeror,
1094 1393 1191 1450 quia
1215 1394 1350 1435 omnis
1384 1409 1518 1436 reces-

138 1456 190 1498 sit
209 1457 390 1498 dulcedo
406 1457 415 1497 l
431 1456 501 1498 Pia
526 1456 746 1513 dulcisque
760 1457 889 1499 Mater
910 1458 978 1514 pie
998 1457 1193 1514 justeque
1216 1459 1403 1507 dolebat,
1427 1474 1518 1517 spe-

137 1537 234 1564 rans
256 1531 396 1563 tamen
420 1522 556 1579 ipsum
584 1522 706 1564 tertia
735 1538 955 1579 resurgere
984 1524 1064 1564 die.
1098 1524 1303 1574 Quaedam
1327 1539 1425 1566 cum
1448 1525 1516 1567 illa

137 1587 362 1645 plorabant
382 1596 539 1629 sanctae
562 1587 783 1636 mulieres,
809 1602 987 1644 quarum
1010 1603 1162 1644 parvus
1180 1597 1270 1631 erat
1291 1604 1514 1638 numerus,

138 1667 375 1710 parvusque
422 1652 608 1694 virorum
640 1653 711 1709 qui
758 1654 953 1710 lugerent
987 1653 1203 1695 Christum
1258 1654 1383 1696 simul
1421 1670 1518 1697 cum

140 1717 309 1774 Virgine
337 1717 481 1760 Matre.
511 1718 641 1760 Erant
668 1727 710 1760 et
741 1718 891 1775 Angeli
914 1720 1039 1761 simul
1070 1735 1168 1761 cum
1199 1720 1266 1762 illa
1300 1721 1514 1778 lugentes,

141 1793 281 1826 tamen
300 1783 332 1824 si
355 1792 550 1840 poterant
574 1783 729 1825 dolere.
771 1784 980 1827 Dolehant
1008 1785 1182 1841 quidem
1217 1785 1275 1841 (5)
1302 1801 1379 1844 pro
1405 1786 1518 1842 justo

142 1865 285 1892 amore
307 1848 463 1891 Christi
483 1849 575 1898 Dei,
593 1865 718 1905 quem
731 1849 959 1907 diligebant
983 1850 1152 1907 pariter,
1174 1853 1286 1908 quod
1304 1868 1434 1910 genus
1458 1869 1518 1894 re—

143 1915 382 1959 dimebatur
419 1915 666 1957 humanum.
698 1914 899 1965 Flebant,
944 1924 988 1957 ut
1031 1916 1229 1966 arbitror,
1263 1918 1519 1960 amarissime

142 1995 287 2028 mente
306 1985 478 2034 turbati,
493 1985 606 2041 quod
627 1984 798 2028 Matrem
816 1983 1014 2026 videbant
1039 1991 1154 2025 tanto
1173 1984 1317 2025 dolore
1340 1984 1516 2026 turbari.

144 2052 181 2095 Ο
204 2052 294 2109 quis
318 2051 575 2109 Angelorum
594 2051 659 2093 vel
679 2049 1042 2107 Archangelorum
1069 2049 1152 2092 illic
1174 2065 1259 2091 non
1284 2049 1429 2092 fleret!
1449 2050 1520 2093 Vir

145 2127 294 2160 contra
316 2126 526 2166 naturam,
548 2117 659 2159 Deus
676 2117 924 2159 immortalis
936 2116 1132 2165 ethome,
1148 2115 1519 2173 jacebatmortuus

147 2198 169 2224 a
189 2182 377 2224 Judaeis:
404 2183 602 2225 videbant
634 2191 679 2224 ut
710 2182 868 2224 Christi
900 2196 1054 2239 corpus
1083 2182 1143 2224 sic
1174 2183 1282 2223 male
1305 2182 1355 2224 ab
1381 2182 1519 2238 impiis

146 2250 424 2298 tractabatur,
462 2257 504 2291 et
535 2249 593 2290 sic
630 2249 754 2291 etiam
790 2249 1021 2290 laceratum
1059 2248 1223 2304 jacere³
1260 2256 1308 2305 ‘et
1349 2248 1520 2290 Mariam

146 2322 411 2358 cruentatam
430 2314 631 2372 sanguine
654 2322 697 2356 et
719 2329 885 2356 cruore.
913 2314 1029 2355 lllam
1054 2314 1164 2370 piam
1187 2313 1282 2355 dico
1304 2313 1520 2359 videbant,

147 2380 345 2438 illamque
368 2389 580 2429 sanctam,
606 2388 737 2422 totam
761 2380 941 2428 bonam,
970 2394 1089 2421 suam
1129 2378 1414 2420 beatissimam
1446 2378 1525 2421 Ma=

149 2454 256 2488 trem
284 2446 410 2489 tantis
433 2445 686 2503 singultibus
705 2445 911 2494 cruciari,
939 2453 1022 2486 tam
1051 2443 1203 2486 amaris
1228 2444 1379 2501 repleri
1404 2443 1524 2485 dolo-

149 2511 267 2554 ribus
283 2512 398 2554 etsie
419 2511 677 2554 amarissime
694 2510 817 2559 flere,
840 2512 954 2568 quod
972 2512 1086 2553 nullo
1105 2509 1232 2552 modo
1250 2518 1412 2566 poterat
1429 2524 1523 2551 suas

151 2579 296 2622 dulces
317 2580 524 2635 lacrymas
546 2578 771 2620 refrenare.
799 2578 948 2620 Fiebat
964 2578 1102 2620 luctus
1125 2584 1165 2619 et
1189 2590 1346 2618 moeror
1368 2575 1417 2616 ab
1443 2574 1527 2618 An-

200 2692 254 2740 (1)
270 2692 351 2727 Cod.
374 2694 540 2727 manebat.
553 2709 596 2717 -
615 2691 664 2735 (2)
682 2692 729 2725 Id.
744 2703 852 2734 quem.
867 2710 914 2717 —
933 2690 984 2736 (3)
1000 2691 1048 2727 Id.
1067 2688 1205 2734 quidam
1220 2690 1388 2721 dolebant.
