1885 3284
211 300 357 338 §ERMO
391 300 487 342 LXV,
526 300 574 332 IN
611 300 775 333 NATAM
810 301 1038 333 MARTYRIS
1076 302 1318 341 QUADRATI.
1421 291 1476 339 15

94 380 309 436 quantum
324 367 456 421 disto,
486 376 657 412 tantum
683 367 842 421 debe03
863 367 936 413 sed
958 367 1204 415 humanum
1224 370 1340 428 dico,
1356 370 1473 417 divi-

93 457 201 489 num
235 439 419 492 differo;
449 453 584 501 quare
608 436 811 484 divinum
837 436 1029 485 differo?
1056 460 1075 480 «
1094 440 1349 486 Humanum
1375 441 1477 487 dico

99 533 122 556 ι)
138 522 322 576 propter
335 508 630 556 infirmitatem
651 509 794 555 carnis
812 518 981 566 vestrae3
996 531 1015 551 ›>
1034 509 1132 556 ideo
1147 511 1207 556 sic
1224 512 1327 575 quia
1346 529 1480 575 parco

98 579 520 633 adhucinfirmitati3
537 578 653 634 ideo,
671 600 690 620 «
710 580 834 625 Sicut
860 579 1117 626 exhibuistis
1131 582 1326 627 membra
1338 593 1478 628 vestra

99 674 122 698 >›
142 652 356 700 deservire
377 649 674 697 immunditiae
696 649 749 696 ad
771 649 1046 714 iniquitatem
1063 687 1074 708 ‚
1097 651 1176 709 sic,
1200 672 1221 693 »
1240 669 1359 699 nunc
1378 652 1478 716 plus

102 723 284 789 quidem
300 721 469 769 debetis
488 757 499 776 ‚
530 720 604 766 sed
628 719 778 766 saltem
801 719 863 767 sic
885 721 1109 767 ambulate
1132 741 1143 775 3
1172 722 1228 768 ad
1265 723 1350 769 hoc
1373 740 1477 787 per-

100 795 245 843 venite
267 830 279 851 ,
306 793 380 840 sed
397 791 557 838 exhinc
579 793 773 838 transite.
802 791 982 837 Interim
1004 793 1295 839 «Humanum
1319 793 1439 850 dico,
1460 815 1482 836 υ

100 864 176 914 sed
194 864 308 912 sicut
336 861 448 910 illud
469 899 481 919 ,
529 861 590 908 ita
625 873 669 908 et
696 862 797 908 hoc.
845 862 1075 926 Numquid
1109 863 1349 926 quadratus
1379 864 1480 909 sici>

102 952 192 983 non
215 934 346 999 plane
379 932 441 979 sic
462 969 474 988 ‚
500 931 575 979 sed
601 932 725 996 plus;
749 943 792 979 et
814 932 943 994 digne
974 934 1089 998 plus,
1121 934 1345 980 Attendite
1367 934 1484 981 enim

103 1005 200 1054 illas
216 1003 535 1061 immunditiaS,
551 1014 593 1050 et
613 1003 756 1050 videte
773 1004 881 1068 quid
901 1004 1000 1068 plus
1019 1005 1073 1050 de
1094 1006 1220 1053 vohis
1232 1005 1371 1066 exigat
1388 1006 1482 1070 pie-

104 1086 169 1124 tas
191 1086 234 1123 et
250 1074 442 1125 charitas
461 1108 474 1127 ,
496 1084 537 1120 et
548 1075 732 1135 justitiae
752 1075 1047 1139 pulchritudo
1064 1112 1076 1132 ‚
1104 1087 1147 1122 et
1166 1077 1483 1123 sanctificatio-

101 1147 169 1194 nis
191 1144 393 1193 dulcedo.
425 1144 544 1201 Quid
571 1144 626 1190 de
644 1145 771 1192 vobis
789 1145 888 1209 plus
908 1146 1048 1207 exigat
1068 1183 1078 1202 ‚
1100 1146 1325 1194 attendite.

166 1217 291 1265 VIII.
334 1216 514 1263 Amator
537 1215 832 1262 immunditiae
867 1216 984 1263 facta
1013 1234 1088 1263 sua
1117 1217 1232 1263 mala
1261 1217 1363 1264 sciri
1393 1234 1483 1265 non

102 1288 199 1337 vult
219 1324 232 1345 ,
254 1286 378 1334 timet
400 1302 454 1332 ne
471 1285 574 1332 inde
593 1285 849 1345 damnetur,
873 1288 996 1333 timet
1018 1288 1121 1334 inde
1141 1305 1359 1334 carcerem
1383 1326 1394 1346 ,
1426 1290 1487 1336 ti·-

101 1369 192 1408 met
208 1358 432 1419 judicem,
450 1357 574 1403 timet
593 1359 860 1406 carnificem.
884 1360 1035 1406 Uxoris
1051 1360 1202 1406 alicnae
1220 1360 1485 1424 pudicitiam

102 1430 304 1496 appetit,
354 1429 562 1475 maritum
600 1428 743 1486 fallit,
786 1431 986 1476 tenebras
1020 1431 1182 1495 quaerit
1201 1468 1212 1488 ‚
1255 1433 1485 1478 conscium

101 1499 428 1567 perhorrescit,
451 1499 649 1560 Judicem
674 1501 831 1547 metuit
853 1521 866 1557 3
901 1502 1024 1548 timet
1050 1503 1151 1548 sciri
1168 1539 1179 1558 ‚
1220 1502 1324 1566 quia
1361 1503 1485 1550 timet

101 1572 205 1621 inde
220 1570 499 1636 puniri.Jam
522 1587 624 1618 vero
647 1570 759 1617 illud
778 1572 881 1636 plus
903 1574 1025 1636 quod
1049 1573 1134 1618 sibi
1151 1573 1306 1637 exigit(
1320 1573 1359 1637 1)
1377 1573 1483 1638 pul-

102 1642 316 1692 chritudo
330 1641 529 1702 justitiae.
554 1642 677 1699 Quid
702 1642 876 1690 interim
902 1644 1074 1690 distulit
1105 1644 1341 1707 Apostolus
1378 1661 1482 1691 cum

105 1715 270 1763 diceret
295 1731 307 1760 t
334 1713 626 1759 «Humanum
664 1713 766 1760 dico
796 1725 979 1779 propter
1005 1715 1304 1761 infirmitatem
1338 1716 1482 1763 carnis

105 1807 129 1833 ι
146 1787 372 1836 vestraeP»
395 1784 514 1832 Audi
547 1784 636 1831 hoc
653 1803 677 1831 a
702 1786 896 1832 Domino
918 1804 930 1832 ε
957 1807 978 1829 <‹
1002 1785 1136 1844 Quod
1161 1786 1263 1832 dico
1287 1788 1412 1834 vobis
1435 1788 1481 1834 in

104 1879 127 1903 a
148 1855 366 1910 tenebris,
391 1875 413 1897 ι)
451 1854 538 1900 hoc
563 1865 626 1901 est
649 1856 694 1902 in
723 1856 899 1903 occulto
918 1894 928 1914 ‚
968 1877 990 1900 κ
1022 1856 1155 1902 dicite
1186 1856 1233 1902 in
1271 1857 1369 1904 luce
1388 1894 1399 1914 ‚
1439 1868 1483 1905 et

107 1950 130 1973 ι)
145 1926 270 1993 quod
286 1927 333 1973 in
357 1941 460 1972 aure
481 1925 643 1972 auditis
665 1963 676 1984 ,
704 1944 835 1991 super
855 1937 967 1974 tecta
990 1927 1275 1992 praedicate1.
1301 1949 1322 1971 ³>
1346 1930 1485 1976 Num-

109 1998 219 2065 quid
243 1996 458 2062 praedicat
492 2013 624 2061 super
660 2008 826 2045 tectum
856 1999 1029 2045 adulter
1065 1998 1280 2059 flagitium
1316 2016 1480 2056 suum3

106 2070 183 2118 sed
200 2069 275 2117 ille
297 2086 388 2116 non
409 2068 552 2115 solum
575 2086 663 2116 non
685 2070 899 2134 praedicat
923 2088 1054 2136 super
1067 2081 1249 2127 tectum,
1272 2071 1345 2118 sed
1365 2088 1485 2136 quae-

107 2141 165 2189 rit
189 2140 402 2189 occultari
427 2150 556 2189 tecto.
585 2142 735 2198 Quare
751 2142 837 2189 hoc
862 2142 972 2189 ille?
994 2143 1097 2206 quia
1119 2151 1227 2188 tunc
1247 2159 1383 2207 usque
1400 2160 1486 2207 po-

107 2213 194 2261 tuit
215 2230 338 2260 amor
358 2212 678 2268 immunditiae3
707 2213 832 2260 timet
859 2215 972 2260 enim
991 2214 1151 2274 detegi,
1177 2213 1299 2260 timet
1320 2216 1486 2278 puniri.

107 2284 168 2332 Hi
189 2301 292 2331 vero
311 2294 526 2331 amatores
544 2283 661 2330 illius
676 2285 908 2331 invisibilis
925 2284 1273 2349 pulchritudiuis
1286 2321 1297 2339 ‚
1324 2297 1487 2333 amato-

112 2371 179 2402 res
195 2354 312 2402 illius
323 2355 516 2413 decoris,
536 2356 614 2402 ubi
638 2367 702 2402 est
719 2355 791 2402 ille
813 2378 833 2398 «
856 2356 1089 2420 Speciosus
1108 2356 1249 2402 forma
1274 2374 1367 2421 prae
1388 2357 1489 2405 filiis

112 2447 136 2472 ι)
158 2426 392 2474 hominum
405 2428 441 2485 ²,
460 2448 482 2470 »
502 2437 711 2474 amatores
725 2445 826 2489 ergo
841 2428 959 2475 illius
976 2427 1324 2493 pulchritudinis
1337 2466 1349 2487 ‚
1374 2429 1492 2477 unde

120 2514 212 2546 non
228 2498 384 2546 'timent
402 2497 644 2563 praedicare
663 2516 797 2564 super
814 2510 928 2548 tecta
947 2536 959 2558 ,
985 2499 1109 2565 quod
1129 2499 1177 2547 in
1208 2517 1312 2548 aure
1337 2501 1492 2549 audie-

159 2611 171 2636 1
191 2608 311 2644 Matth.
331 2619 364 2650 x,
381 2618 492 2649 27.-
510 2605 526 2630 2
543 2607 629 2642 Ibid.
650 2610 706 2643 28.

163 2683 217 2732 (x)
234 2682 318 2720 eod.
333 2683 416 2718 male
430 2682 522 2729 quod
534 2681 593 2716 sibi
607 2681 711 2727 exigit
723 2682 811 2727 plus.
