1885 3284
97 357 242 387 sERMo
267 355 446 393 LXXXIV,
481 354 526 384 IN
553 353 715 383 NA'lALt
743 354 776 383 S.
811 352 1025 382 ‹zYPRIANt
1055 352 1314 385 tiiwii'nlsi
1324 378 1332 386 .
1409 343 1459 389 81

95 438 181 499 que
198 420 399 467 doctrina
416 420 506 465 fieri
532 429 774 483 putaretur.
784 418 921 463 Vocat
937 417 1103 480 quippe
1116 436 1185 464 cos
1203 422 1334 484 utqui
1348 438 1470 471 erant

97 493 332 556 piscatores
350 490 563 553 piscium,
592 488 1006 534 fienuthominum.
1037 488 1160 534 Sicut
1189 491 1303 536 enim
1334 493 1472 555 pisces

98 561 325 608 elevantur
344 559 398 605 de
419 559 643 623 profundo
665 575 740 622 per
761 569 865 612 rete,
897 558 957 602 sic
981 570 1205 622 praecepto
1232 562 1309 607 Dei
1327 563 1474 610 homi-

99 650 173 678 nes
195 670 205 686 ‚
236 630 386 678 iisdem
414 630 763 694 praedicantibus
782 665 792 685 ,
819 628 871 673 de
891 628 1122 691 profundis
1142 631 1290 678 saeculi
1312 636 1473 681 errori·-

100 705 183 750 bus
207 703 484 749 redimuntur
509 703 597 765 (1).
633 703 737 747 'l'res
767 701 898 761 igitur
925 699 1211 760 Evangelistae
1247 704 1476 766 piscatores

100 774 302 820 dixerunt
324 793 335 827 ;
362 773 549 818 nominis
582 773 930 818 immutationem
964 770 1034 833 (2)
1060 770 1175 816 solus
1196 773 1385 820 -loanncs
1409 777 1477 821 in-

100 844 215 891 tulit.
249 843 408 889 Merito
431 861 532 904 ergo
553 844 790 907 piscatores
823 841 1055 897 dixerunt,
1089 843 1250 905 quibus
1285 845 1476 892 officium

101 914 303 979 piscandi
325 914 447 959 Jesus
477 914 666 972 adimit,
705 925 746 958 et
782 912 900 958 misit
935 923 982 957 ut
1020 911 1218 959 homines
1254 915 1308 960 ad
1333 916 1482 963 salutis

101 986 200 1032 cred
211 985 401 1031 ulitatem
415 985 705 1048 perducerent
721 1002 794 1030 sua
810 982 1142 1047 praedicatione,
1161 987 1263 1047 quia
1282 1003 1360 1049 per
1375 989 1481 1034 Pro-

101 1057 282 1120 phetam
302 1056 471 1101 dictum
493 1057 635 1102 fuerat
653 1056 706 1101 de
731 1056 835 1118 ipsis
870 1072 881 1099 ε
909 1075 928 1094 «
951 1054 1124 1099 Mittam
1146 1056 1382 1118 piscatores
1406 1096 1416 1115 ‚
1440 1070 1482 1105 et

99 1149 120 1170 »
146 1128 439 1192 piscabuntur
462 1127 574 1175 eos1.
599 1149 619 1170 »
639 1128 802 1172 Totum
825 1142 926 1185 ergo
952 1124 1040 1170 hoc
1061 1125 1105 1170 in
1131 1129 1350 1189 Apostolis
1365 1147 1484 1176 com-

101 1199 268 1263 pletum
290 1209 381 1253 est,
412 1199 488 1261 qui
524 1215 571 1245 ex
606 1197 901 1262 piscatoribus
931 1196 1071 1242 effecti
1103 1212 1203 1244 sunt
1247 1201 1483 1264 piscatores

100 1270 350 1316 hominum.
383 1268 507 1315 Sicut
526 1270 639 1315 enim
666 1269 801 1331 pisces
818 1267 983 1312 retibus
1000 1266 1052 1312 de
1070 1285 1188 1313 mare
1203 1270 1479 1329 auferuntur,

103 1343 164 1387 sic
187 1340 502 1405 praedicatione
518 1340 758 1404 apostolica
774 1338 973 1384 homines
994 1337 1047 1383 de
1064 1340 1226 1386 saeculo
1245 1342 1478 1402 tolluntur,

104 1423 147 1458 et
171 1412 436 1476 perveniunt
461 1411 516 1458 ad
534 1411 837 1458 credulitatem
860 1410 957 1455 Filii
974 1410 1066 1457 Dei.

171 1484 255 1529 ΙΙΙ.
296 1503 317 1524 ι(
335 1482 481 1529 Altera
502 1483 573 1529 die
597 1483 739 1528 stabat
755 1483 944 1527 Joannes
964 1518 975 1532 ,
999 1491 1041 1526 et
1068 1498 1115 1526 ex
1140 1482 1376 1548 Discipulis
1394 1491 1486 1548 ejtis

106 1577 127 1598 »
151 1555 239 1601 duo
260 1590 269 1608 ‚
298 1564 340 1598 et
363 1553 598 1617 respiciens
629 1554 779 1598 Jesum
803 1552 1103 1597 ambulantem
1122 1589 1132 1605 ‚
1170 1553 1280 1600 dicit
1322 1575 1331 1601 :
1370 1559 1484 1605 Ecce

105 1648 126 1669 ‚2
155 1627 302 1685 Agnus
317 1623 414 1671 Dei.
435 1625 490 1668 Et
509 1623 742 1669 audierunt
761 1639 857 1668 eum
877 1621 966 1666 duo
985 1622 1200 1685 Discipuli
1213 1624 1482 1688 loquentem,

107 1720 127 1740 ›>
147 1707 190 1743 et
213 1694 349 1742 secuti
373 1706 476 1740 sunt
497 1695 644 1740 Jesum
660 1697 693 1740 ².
721 1716 739 1736 ›>
765 1695 876 1739 lstos
901 1691 1011 1738 duos
1032 1692 1282 1757 Discipulos
1306 1698 1487 1746 «Ioannis

106 1768 325 1815 Andream
353 1776 396 1811 et
425 1764 688 1828 Philippum
717 1765 786 1827 (3)
829 1763 959 1809 fuisse
985 1763 1261 1811 manifestum
1284 1780 1346 1814 est
1367 1806 1378 1825 ,
1405 1771 1484 1835 qui

105 1839 204 1886 ideo
231 1836 366 1882 secuti
387 1846 488 1881 sunt
513 1835 741 1880 Christum
774 1835 1016 1880 Dominum
1035 1834 1127 1896 (4),
1164 1847 1212 1881 ut
1237 1837 1404 1902 aliquid
1430 1843 1486 1888 ab

106 1926 156 1956 eo
178 1907 406 1954 discerent.
434 1905 557 1962 Quid
582 1905 640 1950 eis
660 1905 751 1968 ipse
769 1905 911 1951 dicit?
945 1927 959 1943 «
979 1904 1132 1950 Venite
1151 1919 1251 1969 post
1276 1927 1372 1965 rne3
1396 1934 1415 1953 »
1437 1931 1487 1960 ac

107 1980 142 2026 si
167 1977 362 2042 apertius
379 1976 542 2022 diceret
565 1993 576 2021 :
599 1975 774 2022 Credite
793 1986 834 2021 et
863 1975 1006 2021 videte
1023 2012 1033 2031 ‚
1055 1975 1100 2021 id
1124 1988 1185 2022 est
1205 2015 1216 2032 ‚
1240 1979 1480 2043 intelligite.

109 2051 191 2096 Die
217 2064 392 2112 quoque
412 2047 488 2093 illo
511 2046 749 2093 illuminati
770 2046 1052 2093 crediderunt
1073 2047 1310 2097 Dominum
1337 2054 1486 2101 Jesum

111 2119 340 2166 Christum
365 2119 504 2163 Deum
529 2134 630 2163 esse.
658 2117 790 2174 Quod
817 2118 951 2174 dicit,
977 2139 995 2157 α
1016 2118 1135 2164 Hora
1155 2125 1382 2186 eratquasi
1413 2126 1487 2172 de—

111 2212 133 2235 »
152 2189 313 2242 cimass,
333 2210 354 2231 ›>
377 2188 484 2252 quid
504 2187 624 2234 aliud
648 2188 757 2234 hora
781 2188 855 2234 illa
880 2188 1050 2234 decima
1073 2189 1350 2249 significabat
1368 2232 1378 2249 ‚
1407 2198 1488 2243 nisi

110 2262 242 2308 finem
270 2259 537 2305 Testamenti
557 2258 720 2304 Veteris
744 2269 785 2304 et
803 2259 977 2305 initium
999 2259 1109 2304 Novi
1130 2278 1140 2317 3
1161 2262 1265 2324 quia
1290 2275 1331 2309 et
1353 2269 1487 2313 Joan-

111 2349 186 2378 nes
208 2332 391 2391 figuram
410 2329 536 2389 Legis
561 2329 715 2375 veteris
737 2330 932 2389 gestabat
954 2365 962 2385 ‚
1005 2328 1095 2374 duo
1116 2347 1217 2377 vero
1241 2333 1310 2380 isti
1338 2337 1484 2384 Disci-

113 2402 212 2467 puli
233 2401 509 2448 dilectionem
534 2400 610 2447 Dei
625 2412 666 2446 et
683 2401 870 2464 proximi
889 2401 1156 2461 figurabant.
1188 2404 1360 2452 Relicto
1387 2425 1488 2470 ergo

162 2536 174 2559 ¹
193 2538 313 2569 Jerem.
335 2547 402 2579 xvi,
427 2537 482 2571 16.
501 2554 541 2560 —
562 2534 577 2557 2
597 2538 691 2568 Joan.
713 2547 744 2578 1,
766 2537 885 2575 35-37.
902 2555 940 2559 —
962 2533 977 2558 3
992 2536 1075 2567 Ibid.
1097 2538 1154 2578 39.

165 2626 214 2669 (x)
231 2626 312 2658 Cod.
329 2625 572 2660 redimerentur.
592 2643 639 2650 -
661 2624 711 2671 (2)
735 2626 783 2660 Id.
804 2626 1038 2657 immutatione.
1051 2642 1098 2648 —
1115 2623 1167 2671 (3)
1191 2626 1240 2660 Id.
1264 2629 1323 2661 isco
1341 2631 1404 2664 duo
1421 2636 1488 2666 dis-

117 2683 248 2725 cipuli...
266 2680 418 2715 Andreas
434 2691 465 2714 ec
481 2683 658 2725 Philippus.
673 2700 719 2708 —-
735 2684 785 2725 (4)
804 2682 854 2714 Id.
876 2682 1015 2714 Christus
1035 2684 1201 2716 Dominus.

283 2754 416 2784 cxxxl
449 2737 533 2785 bis.
1304 2744 1332 2787 6
