1868 3301
436 296 563 327 mann
601 296 656 327 nn
692 296 892 328 omanus
927 296 1194 328 vmrnnnus
1217 319 1228 338 ‚
1266 297 1360 328 Ero.
1488 282 1580 339 483

220 363 442 406 adducere.
469 361 671 419 Praecepit
695 370 834 403 autem
868 361 1017 409 abbas,
1045 370 1089 402 ut
1112 363 1162 404 ad
1186 363 1486 405 monasterium
1512 366 1582 406 ad·

219 429 395 471 duceret
411 441 493 468 eos.
512 426 596 477 Qui
615 441 709 468 cum
724 427 972 484 perrexisset
990 427 1039 467 ad
1053 427 1279 476 civitatem,
1303 428 1460 470 invenit
1478 430 1581 472 duos

219 509 269 536 ex
290 493 348 534 eis
370 492 454 549 jam
476 491 603 533 fuisse
635 492 854 534 defunctos
870 525 879 540 ‚
907 501 948 534 et
977 507 1106 533 unum
1130 493 1395 534 solummodo
1417 508 1585 536 reman-

221 557 319 600 sisse
334 589 344 605 ,
370 572 496 613 quem
519 572 732 598 assumens
754 558 873 600 duxit
895 558 946 599 ad
962 558 1280 607 monasterium,
1301 567 1343 600 et
1366 559 1586 614 requirens

178 646 186 652 -
219 622 531 671 abbatem‚non
546 622 703 664 invenit
722 623 805 664 illic
820 638 933 664 eum.
963 623 1237 679 Interrogavit
1261 632 1399 665 autem
1425 623 1587 672 fratres,

220 688 293 731 ubi
319 696 427 729 esset
450 687 599 735 abbas3
625 687 682 729 illi
713 702 810 729 vero
840 688 1035 730 dixerunt
1058 688 1172 744 quod
1201 690 1249 730 ad
1278 689 1498 746 pistrinum
1527 694 1588 744 (ι)

220 754 484 813 perrexisset.
520 754 594 795 Ille
627 762 769 796 autem
805 755 956 796 tollens
986 753 1118 796 filium
1140 769 1286 803 suum,
1314 770 1440 812 quem
1464 756 1593 798 addu-

220 827 338 863 xerat
359 819 458 862 abiit
490 820 541 861 ad
566 818 805 876 pistrinum.
841 820 894 861 Et
917 819 1064 861 videns
1085 834 1183 861 eum
1207 819 1332 861 abbas
1356 820 1593 863 venientem

222 886 412 928 salutavit
443 900 567 937 eum,
603 895 645 926 et
673 893 820 926 tenens
854 883 988 927 filium
1028 885 1144 941 ejus,
1173 900 1298 941 quem
1336 886 1592 933 adduxerat,

222 952 480 1008 amplexatus
516 958 579 992 est
620 950 697 1005 (2),
722 960 764 992 et
796 952 1007 992 osculatus
1034 965 1148 996 eum,
1174 951 1319 994 dicens
1340 951 1449 1008 patri
1469 950 1560 1006 ejus
1583 967 1592 992 ε

233 1035 248 1056 α
269 1016 396 1058 Amas
434 1014 560 1057 eum?
583 1034 597 1054 n
627 1015 680 1058 Et
713 1015 781 1056 ille
811 1016 1029 1073 respondit
1062 1030 1104 1056 :a
1136 1015 1285 1057 Etiam.
1316 1033 1332 1054 n
1360 1015 1413 1057 Et
1438 1015 1591 1058 iterum

223 1081 326 1124 dixit
346 1080 383 1123 ei
402 1096 411 1122 :
429 1098 444 1119 α
463 1079 649 1123 Omnino
674 1080 808 1137 diligis
831 1096 927 1122 eum
950 1080 968 1121 P
992 1099 1004 1118 t>
1029 1080 1080 1122 Et
1096 1080 1312 1137 respondit
1332 1095 1340 1120 :
1358 1097 1373 1118 α
1395 1080 1548 1123 Etiam.
1571 1101 1586 1121 ι

222 1148 370 1190 Postea
397 1161 498 1188 vero
523 1146 624 1188 dixit
644 1146 682 1187 ei
704 1146 846 1188 Abbas
870 1161 877 1187 :
907 1164 919 1183 ι(
942 1145 1058 1188 Tolle
1081 1161 1180 1202 ergo
1196 1178 1206 1192 ,
1233 1145 1264 1186 si
1288 1159 1400 1186 amas
1423 1159 1538 1195 eum,
1559 1155 1601 1188 et

224 1211 343 1254 mitte
368 1226 464 1253 eum
495 1211 534 1253 in
566 1212 781 1253 fornacem
817 1212 1048 1252 ardentem.
1077 1228 1091 1249 υ
1123 1211 1292 1253 Tollens
1330 1218 1468 1251 autem
1500 1225 1598 1253 eum

224 1287 343 1335 pater
361 1277 454 1333 ejus
471 1310 480 1325 ‚
505 1285 546 1319 et
563 1278 710 1319 volens
727 1278 845 1320 illum
866 1277 1035 1319 mittere
1059 1276 1101 1317 in
1122 1275 1315 1325 fornace,
1339 1276 1478 1318 statim
1497 1276 1603 1319 sacta

224 1352 287 1386 est
315 1343 460 1385 fornax
491 1344 605 1384 velut
638 1358 733 1392 ros,
758 1351 798 1384 et
831 1342 936 1398 ignis
962 1343 1002 1383 in
1029 1356 1078 1383 ea
1108 1341 1315 1382 extinctus
1338 1349 1422 1390 est;
1448 1356 1498 1383 ex
1520 1355 1601 1397 qua

225 1407 480 1451 Obedientia
505 1407 723 1464 acquisivit
751 1407 926 1464 gloriam
946 1439 956 1454 ,
984 1406 1094 1448 sicut
1111 1406 1323 1449 Abraham
1348 1406 1602 1462 patriarcha.

225 1475 315 1516 Hoc
339 1488 438 1529 ergo
462 1473 717 1515 miraculum
744 1472 909 1520 hortor,
933 1479 978 1513 ut
1000 1471 1217 1513 memoriae
1239 1470 1401 1519 tradas,
1428 1481 1472 1512 ut
1489 1487 1601 1513 sem-

226 1555 301 1597 per
335 1540 529 1580 virtutem
551 1536 814 1579 Obedientiae
845 1545 940 1578 ante
974 1537 1120 1577 oculos
1146 1534 1329 1585 habeas3
1357 1551 1453 1578 nam
1489 1537 1599 1579 sicut

226 1606 297 1648 illo
322 1612 510 1661 tempore
532 1601 640 1644 illius
653 1601 854 1643 monachi
880 1600 1132 1644 Obedientia
1156 1601 1331 1643 extinxit
1353 1601 1491 1659 ignem
1513 1601 1601 1643 for-

227 1670 363 1719 nacis,
396 1670 453 1711 sic
476 1677 518 1710 et
542 1669 683 1715 modo,
709 1668 741 1708 si
770 1681 866 1708 vere
888 1666 1014 1708 fueris
1037 1667 1238 1708 obediens
1255 1699 1264 1714 ‚
1292 1667 1376 1723 ipsa
1400 1667 1530 1709 virtus
1552 1669 1603 1710 de

228 1737 356 1778 corde
386 1742 460 1775 tuo
488 1734 626 1789 ignem
659 1731 855 1774 vitiorum
878 1731 1109 1788 extinguet.
1142 1731 1195 1773 Et
1215 1731 1247 1772 si
1276 1732 1380 1788 ignis
1403 1731 1601 1774 vitiorum

227 1801 353 1843 suerit
382 1799 592 1841 extinctus
616 1798 661 1839 in
684 1807 745 1846 te,
779 1812 1044 1853 nequaquam
1077 1806 1172 1854 pest
1193 1805 1374 1838 mortem
1399 1798 1439 1839 in
1464 1797 1601 1854 ignem

231 1866 459 1909 descendes
473 1873 697 1914 aeternum,
716 1863 791 1905 sed
809 1863 860 1905 ad
877 1863 1090 1904 coelestem
1103 1862 1278 1919 gloriam
1295 1864 1494 1905 ascendes
1515 1864 1603 1905 sine

230 1930 314 1974 fine
336 1944 593 1973 mansuram.
622 1930 733 1986 Ergo
757 1944 847 1971 ama
880 1928 1202 1980 obedientiam,
1235 1929 1359 1986 dilige
1384 1928 1601 1971 Obedien-

232 1997 331 2039 tiam
348 2029 358 2045 ,
387 1996 483 2054 quia
506 2010 656 2052 magna
685 2004 747 2037 est
770 1993 899 2036 virtus
923 1993 1027 2050 ejus.
1057 1993 1108 2036 Ut
1140 2001 1279 2035 autem
1311 1994 1420 2036 illius
1444 1995 1605 2051 magni-

232 2062 421 2105 tudinem
458 2060 598 2104 adhuc
632 2059 811 2102 lucidius
851 2059 1056 2116 intelligas
1077 2090 1087 2107 ,
1133 2073 1311 2116 sequens
1349 2059 1600 2102 miraculum

233 2127 475 2184 frequenter
494 2128 598 2183 lege.
628 2125 806 2168 Dicebat
831 2124 1000 2181 quidam
1029 2133 1200 2166 sanctus
1228 2124 1349 2166 Pater
1380 2139 1423 2166 se
1454 2125 1604 2169 vidisse

231 2203 414 2251 quatuor
443 2193 611 2234 ordines
645 2191 685 2233 in
719 2192 826 2233 coelo
856 2189 1194 2238 monachorum,
1229 2204 1410 2246 quorum
1443 2190 1604 2248 primus

233 2259 338 2301 ordo
360 2266 449 2300 erat
468 2256 734 2299 infirmorum
751 2288 760 2304 ,
783 2265 824 2298 et
845 2255 996 2313 gratias
1021 2254 1231 2313 agentium
1253 2254 1355 2297 Deo.
1382 2253 1604 2298 Secundus

234 2324 339 2367 ordo
370 2332 460 2366 erat
482 2323 809 2379 hospitalitatem
833 2321 1080 2364 sectantium
1096 2353 1106 2369 ,
1138 2321 1342 2362 instanter
1363 2321 1606 2363 ministran—

237 2392 342 2434 tium
363 2391 422 2433 eis
439 2391 514 2446 (5).
543 2390 708 2432 Tertius
726 2404 822 2431 vero
839 2389 941 2431 ordo
960 2389 1000 2430 in
1025 2388 1248 2430 solitudine
1264 2388 1603 2429 conversantium

238 2465 280 2500 et
299 2472 382 2500 non
404 2456 635 2499 videntium
653 2454 855 2498 homines.
881 2455 1067 2507 Quartus
1091 2455 1194 2496 ordo
1216 2464 1307 2496 erat
1329 2453 1518 2501 illorum,
1538 2454 1608 2509 qui

284 2581 426 2624 (1)c0d.
444 2581 525 2612 male
540 2580 725 2622 pristinum,
745 2587 777 2610 et
796 2578 840 2610 sic
865 2578 1026 2622 deinceps.
1043 2594 1088 2602 ·--
1106 2577 1155 2619 (α)
1181 2576 1260 2609 eod.
1284 2576 1332 2606 bis
1358 2574 1455 2607 habet
1473 2586 1543 2605 enm
1560 2575 1614 2606 hi«-

238 2646 266 2670 τι
289 2637 431 2669 inferius.
450 2655 487 2660 -—
511 2637 559 2677 (3¹2
581 2636 699 2678 Snpple
716 2634 898 2676 hospitibus.

1368 2694 1440 2739 531,
