1885 3284
442 305 573 339 murm
610 305 665 338 DE
702 306 952 338 semrom
989 305 1255 339 erni-Amne,
1452 296 1538 357 139

166 374 375 423 transitur
400 371 457 419 ad
480 371 690 435 requiem.
721 373 821 418 Non
840 372 957 418 enim
976 383 1039 418 est
1055 373 1145 418 sine
1163 390 1310 434 pugna
1325 374 1507 420 victoria
1527 414 1535 428 ,

169 463 257 493 non
279 438 444 507 absque
465 442 651 488 victoria
668 443 933 506 pertingitur
959 442 1011 488 ad
1045 459 1269 489 coronam.
1304 444 1536 490 intestinos

165 527 306 567 autem
323 515 467 561 hostes
488 512 703 559 habemus
725 551 736 569 ,
762 530 863 560 cum
885 514 1048 577 quibus
1073 512 1106 558 si
1132 514 1271 576 perire
1294 514 1497 559 nolumus
1517 553 1527 571 ,

163 579 554 646 ἰῐιῖἓιῑίςεὴὶᾙῐείρῑ
571 583 660 629 sine
679 583 766 630 ulla
790 600 969 647 prorsus
1000 584 1318 629 intermissione
1341 601 1537 646 pugnare

162 647 484 720 compellimur.
509 653 664 700 Hostes
684 671 840 718 nempe
860 665 1029 700 nostros
1048 691 1058 705 ,
1098 653 1303 699 adversus
1342 671 1450 717 quos
1491 655 1534 700 in

163 727 254 774 acie
275 742 446 789 semper
469 724 704 771 assistimus
725 761 736 782 ‚
774 743 864 772 non
896 743 919 771 a
947 725 1078 771 nobis
1108 724 1323 783 interjecti
1365 742 1535 784 aggeres

161 797 394 852 dividunt,
419 812 506 842 non
526 796 690 842 moenia
716 797 874 843 turrita
901 806 1129 842 secernunt
1150 833 1160 849 ,
1200 812 1288 840 non
1322 796 1532 858 profundi

161 859 306 915 amnes
323 865 585 915 interfluunt
604 902 615 922 ‚
636 883 725 912 non
745 867 964 930 praerupti
982 877 1150 913 montes
1170 903 1180 923 ‚
1209 883 1261 911 ne
1283 883 1371 929 quo
1395 867 1534 912 minus

159 937 513 1000 congrediantur,
542 936 773 985 obsistunt.
805 939 1045 986 Nobiscum
1074 955 1244 1001 semper
1264 948 1365 984 sunt
1386 975 1396 989 ,
1431 939 1531 1001 quia

158 1001 392 1056 in'nostrae
415 1007 571 1074 mentis
593 1008 893 1088 penetralibus
919 1008 988 1072 (1)
1015 1008 1193 1068 degunt.
1222 1008 1396 1071 Septem
1414 1026 1531 1053 nam-

157 1096 243 1143 que
262 1076 527 1158 principalia
561 1077 669 1125 vitia
693 1089 826 1135 sunt,
864 1096 911 1124 ex
943 1095 1133 1143 quorum
1158 1080 1334 1141 vipereo
1371 1078 1532 1123 semine

157 1159 327 1197 caeterae
343 1148 553 1195 vitiorum
574 1158 740 1216 pestes,
764 1150 884 1213 quasi
906 1158 1129 1195 venenatae
1152 1148 1441 1195 nihilominus
1458 1165 1531 1193 so-

159 1219 279 1266 boles
312 1218 530 1265 oriuntur.
573 1218 686 1275 Quae
725 1220 934 1266 nimirum
976 1230 1115 1268 sunt:
1145 1218 1383 1287 superbia
1427 1236 1477 1263 av
1482 1237 1531 1263 a—

157 1289 289 1345 ritia‚
325 1283 465 1335 inanis
510 1288 674 1348 gloria,
707 1289 770 1337 ira
792 1327 803 1346 ‚
853 1289 1052 1345 invidia,
1096 1289 1294 1344 luxuria,
1337 1289 1522 1335 tristitia.

159 1361 222 1405 De
237 1351 402 1423 quibus
427 1375 506 1405 nos
536 1357 705 1405 idcirco
729 1359 884 1423 disput
888 1377 958 1406 are
987 1359 1219 1420 diligenter
1257 1326 1527 1416 omittimus,

155 1429 259 1494 quia
279 1429 511 1493 plerosque
526 1438 784 1477 tractatores
805 1432 915 1477 sacri
932 1431 1094 1494 eloquii
1119 1428 1384 1493 multiplices
1401 1447 1532 1493 super

154 1501 224 1549 his
259 1499 480 1560 reliquisse
522 1501 751 1552 sententias
775 1501 1035 1548 invenimus,
1068 1503 1166 1547 tzioc
1202 1510 1375 1546 tantum
1412 1518 1530 1546 nunc

154 1569 372 1635 affirmare
391 1569 580 1619 sufficiat
601 1607 613 1626 ,
651 1571 756 1635 quia
799 1573 997 1636 quisquis
1024 1572 1231 1617 adversus
1267 1571 1345 1616 ista
1370 1572 1527 1617 confli-

154 1642 251 1701 gere
269 1677 280 1696 ‚
303 1639 501 1706 quisquis
518 1639 618 1686 haec
643 1641 710 1704 (2)
728 1657 830 1688 cum
849 1643 928 1690 Dei
953 1642 1171 1702 adjutorio
1200 1641 1431 1701 neglexerit
1452 1659 1527 1687 su-

153 1727 306 1774 perare
325 1747 337 1766 ‚
377 1725 607 1773 nunquam
639 1711 686 1756 in
720 1711 875 1757 militia
898 1712 1117 1775 spirituali
1144 1712 1282 1757 victor
1318 1713 1491 1757 existere
1513 1749 1524 1765 ‚

154 1797 380 1844 nunquam
408 1779 463 1825 ad
486 1795 692 1826 coronam
712 1782 871 1844 poterit
896 1782 1093 1828 victoriae
1117 1781 1354 1845 pervenire.
1389 1803 1405 1822 c-
1430 1783 1526 1827 Non

155 1874 174 1894 »
194 1851 310 1898 enim
336 1850 624 1896 coronabitur
642 1888 653 1907 ‚
680 1851 761 1897 nisi
789 1852 866 1915 qui
885 1851 1077 1912 legitime
1106 1851 1383 1898 certaverit&
1418 1874 1436 1893 ›>

219 1922 305 1967 ΙΙΙ.
344 1921 427 1967 Hae
446 1932 548 1966 sunt
573 1921 761 1985 denique
794 1933 1061 1986 gentesquas
1079 1922 1321 1967 Israelitico
1356 1923 1524 1986 populo

154 1995 325 2056 Moyses
347 1991 692 2056 praecipiebat...
728 1993 796 2057 (3)
821 2011 843 2039 a
868 1993 978 2039 facie
996 2004 1123 2042 terree
1147 1994 1311 2056 absque
1336 1994 1422 2038 ulla
1446 1994 1526 2039 foe-

153 2063 267 2110 deris
285 2062 616 2125 interpositione
637 2063 793 2113 delere.
813 2065 964 2110 «Cum
994 2063 1231 2109 traduxerit
1257 2074 1296 2108 te
1320 2101 1328 2117 ‚
1358 2064 1525 2127 inquit,

154 2156 174 2177 γ)
195 2133 410 2180 Dominus
431 2133 548 2179 Deus
571 2143 673 2180 tuus
692 2171 702 2189 ‚
738 2135 784 2180 in
812 2145 995 2191 terram,
1013 2151 1144 2198 quam
1174 2151 1444 2196 possessurus
1463 2136 1523 2180 in-

154 2227 174 2248 »
193 2203 397 2265 grederiS,
412 2213 453 2249 et
466 2203 671 2250 deleverit
683 2216 828 2265 gentes
847 2205 1005 2251 multas
1021 2222 1167 2251 coram
1188 2215 1246 2254 te,
1266 2205 1520 2258 Hetbaeum,

155 2299 175 2319 ›>
191 2284 233 2322 e't
253 2276 529 2336 Gergesaeum
547 2311 557 2331 ‚
579 2286 621 2321 et
645 2277 950 2323 Amorrhaeum
972 2313 982 2333 ‚
1015 2276 1316 2321 Chananaeum
1339 2286 1380 2320 et
1403 2276 1525 2321 Phe—

153 2368 174 2390 »
192 2362 376 2393 resaeum
395 2381 406 2399 ‚
439 2356 482 2391 et
514 2345 727 2393 Hevaeum
742 2384 753 2405 ‚
783 2357 825 2393 et
852 2347 1120 2394 Gebusaeum
1140 2383 1150 2403 ,
1179 2356 1340 2410 septem
1366 2346 1524 2391 Gentes

200 2471 212 2495 ¹
228 2482 246 2503 2
262 2470 346 2503 Tim.
360 2480 399 2514 11,
418 2472 452 2506 5.

194 2545 248 2595 (1)
266 2548 443 2641 Codamale
455 2551 729 2592 penetrabilibus.
749 2572 793 2580 —
813 2553 864 2599 (a)
889 2554 966 2588 cod.
986 2554 1057 2588 Ιιοσ.
1081 2571 1125 2579 -ι-
1148 2551 1195 2595 (3)
1218 2551 1327 2585 Deleta.
1347 2556 1418 2583 sunt
1433 2560 1529 2593 quaeo

150 2603 224 2644 dam
241 2602 276 2640 iu
294 2612 334 2640 co
359 2626 369 2637 .
