1868 3301
308 294 401 348 430
568 301 602 330 s.
647 297 887 328 AUGUSTINI
926 297 1126 328 EPISCOM
1166 299 1402 328 At‘PENntx.

310 373 410 417 salsa
432 384 508 427 per
532 364 821 407 infirmitatem
843 370 1063 412 metuunt,
1093 378 1173 406 nee
1203 365 1286 405 laesi
1311 377 1496 419 unquam
1531 379 1552 404 a
1581 364 1682 404 veri-

312 447 397 482 tate
433 432 738 476 conticescunt.
771 429 933 471 Stultus
973 428 1085 470 enim
1110 428 1366 484 frequenter,
1406 428 1515 470 sicut
1551 428 1648 470 luna
1671 462 1681 477 ,

310 509 527 547 mutatur3
553 496 625 538 sed
647 493 1255 551 sapientissimiMartyresnon
1282 503 1395 535 metu
1418 494 1681 550 franguntur,

310 584 394 614 non
414 571 619 623 potestate
641 568 859 602 mutantur
877 592 887 608 ,
914 573 998 600 non
1019 562 1278 602 extolluntur
1300 560 1339 599 in
1360 560 1584 616 prosperis,
1606 575 1683 601 nec

311 638 353 678 in
373 629 553 674 adversis
578 628 896 682 demerguntur.
926 625 1022 666 Haec
1042 633 1104 666 est
1122 626 1234 666 enim
1259 624 1341 667 vita
1365 626 1619 680 sapientum,
1641 632 1687 666 ut

309 702 439 744 fortes
462 696 543 738 sint
566 694 606 734 in
627 692 806 734 cunctis.
835 690 925 732 Non
961 691 1073 731 enim
1108 698 1332 748 augentur,
1358 691 1457 731 dum
1478 691 1686 731 honoran-

312 777 404 813 tnr3
430 777 512 805 non
537 767 770 803 mutantur,
795 755 871 797 nisi
892 757 932 796 in
947 758 1113 804 melius3
1130 772 1212 797 non
1232 766 1275 797 nt
1298 756 1454 812 parvuli
1480 756 1688 797 ssuctnant

310 840 436 874 vento
460 820 648 870 honoris,
669 823 741 863 sed
761 836 926 877 semper
942 823 1091 863 eodem
1115 822 1256 862 animo
1275 830 1384 862 stant
1402 822 1441 862 in
1463 821 1632 863 Christo
1647 821 1688 862 iu

313 895 517 940 charitate
538 888 717 937 fundati,
733 886 869 928 etIide
885 887 1073 928 radicati.
1095 887 1239 929 Overa
1264 887 1471 941 beataque
1494 885 1690 927 fraterni-

314 974 389 1014 tas,
408 975 500 1017 qnae
525 957 694 999 fratrem
721 953 931 994 veneraris
951 953 1012 1007 (1)
1035 954 1235 994 devotum
1260 953 1269 993 !
1294 968 1317 993 o
1342 967 1437 993 vera
1462 961 1689 1007 sanctaque

314 1026 567 1073 fraternitas,
587 1036 677 1078 qnae
702 1019 878 1075 corripis
898 1019 1163 1066 dissolutum,
1181 1035 1273 1075 qnae
1295 1017 1489 1075 praesenti
1509 1019 1692 1060 dulciter

315 1093 464 1140 servis,
489 1104 581 1147 quae
606 1088 822 1128 absentem
846 1100 928 1126 non
953 1085 1082 1137 rodis,
1108 1100 1200 1141 quze
1220 1098 1320 1126 sano
1344 1083 1579 1140 applaudis,
1599 1099 1692 1140 qnae

316 1159 531 1203 infirmum
555 1168 637 1195 non
668 1151 822 1193 deseris
840 1184 849 1199 ‚
875 1166 966 1206 quae
991 1152 1201 1207 placatum
1222 1164 1308 1191 non
1332 1164 1534 1206 provocas
1561 1152 1610 1191 ad
1630 1151 1692 1191 fn-

313 1239 470 1271 rorem,
485 1219 741 1277 qnaeiratum
766 1224 995 1272 tyrannum
1020 1216 1059 1257 in
1080 1218 1196 1258 nullo
1220 1216 1371 1256 metuis
1391 1216 1398 1243 ¹
1424 1230 1448 1256 o
1469 1230 1564 1256 vera
1577 1231 1694 1257 sanc-

316 1301 457 1334 torum
486 1288 718 1340 Martyrum
742 1281 1004 1329 fraternitas,
1045 1297 1136 1337 qnae
1161 1281 1286 1323 nullis
1317 1296 1504 1336 unquam
1528 1282 1694 1322 casibus

314 1353 517 1400 scinderis
533 1383 544 1398 ,
575 1364 701 1407 quam
726 1362 811 1389 non
839 1348 974 1388 solum
999 1347 1226 1389 dissociare
1253 1348 1316 1389 vel
1338 1348 1479 1388 delere
1501 1349 1694 1388 locorum

316 1423 383 1466 vel
419 1429 658 1474 temporum
692 1413 906 1455 intervalla
935 1428 1019 1454 non
1052 1415 1308 1470 praevalent‚
1347 1412 1417 1454 sed
1452 1413 1578 1454 etiam
1616 1426 1696 1453 nec

317 1503 431 1531 mors
455 1486 541 1541 ipsa
567 1480 763 1524 divellere
789 1479 1046 1520 audcttliaec
1067 1489 1131 1520 est
1151 1479 1262 1519 enim
1287 1492 1379 1518 vera
1399 1486 1438 1518 et
1463 1478 1694 1532 indisrupta

319 1551 557 1595 fraternitas
576 1580 585 1592 ‚
611 1561 702 1602 quse
726 1544 936 1597 geminata
961 1544 1195 1585 amicorum
1227 1542 1449 1584 affcctione
1472 1557 1519 1584 ac
1542 1543 1696 1583 virtnte

320 1631 486 1673 semper
508 1613 672 1656 crescit.
702 1609 802 1664 Ejus
825 1610 955 1650 semel
976 1609 1104 1650 ictum
1130 1609 1278 1655 soedns,
1297 1624 1372 1649 nec
1392 1608 1696 1649 desideriorum

319 1682 524 1727 varietas,
548 1690 627 1718 nec
656 1673 918 1716 contentiosa
949 1673 1174 1730 disrumpit
1201 1674 1475 1715 contrarietas
1502 1675 1697 1715 volunta-

320 1758 424 1790 tum.

380 1814 429 1855 lt.
469 1809 551 1852 Sed
584 1807 696 1849 dicet
725 1804 816 1862 quis
850 1819 859 1845 z
900 1804 1020 1847 Hane
1043 1814 1284 1846 sanctorum
1310 1805 1541 1861 Martyrum
1564 1804 1699 1846 firmi-

322 1889 449 1923 tatem
471 1886 614 1918 tenere
637 1887 718 1913 uon
743 1885 939 1928 possum;
963 1885 1033 1912 eos
1055 1871 1171 1927 sequi
1189 1886 1270 1911 non
1287 1872 1427 1916 valco;
1449 1871 1699 1927 martyrium

321 1945 449 1986 modo
482 1955 564 1982 non
589 1937 780 1984 invenio,
807 1935 899 1991 qnia
921 1936 960 1976 in
986 1944 1177 1992 tempore
1196 1936 1307 1991 pacis
1323 1935 1695 1977 snmconstitutus.

322 2010 358 2053 O
385 2018 425 2050 tn
445 2040 455 2056 ,
473 2007 601 2047 homo
621 2037 630 2052 ,
655 2003 726 2059 qni
753 2001 964 2056 loqueris,
1001 2002 1170 2041 attende
1192 2001 1307 2056 qnod
1335 2000 1485 2042 «Omni
1511 2009 1701 2057 tempore

324 2074 489 2129 »ditigit
512 2071 583 2128 qui
616 2069 777 2111 amicus
807 2066 909 2108 cst¹.
935 2086 949 2105 ι)
977 2066 1103 2109 Omni
1130 2074 1319 2123 tempore
1347 2068 1596 2123 martyrium
1620 2071 1696 2107 est.

323 2141 429 2184 Nam
454 2137 562 2180 mori
587 2152 607 2177 a
632 2141 912 2192 persequente
935 2133 974 2173 in
1000 2141 1144 2189 aperto
1164 2132 1411 2188 martyrium
1430 2142 1517 2181 est3
1536 2142 1578 2174 et
1595 2133 1702 2173 sorte

327 2207 438 2264 qnod
462 2205 543 2246 hoc
564 2200 813 2257 martyrium
845 2198 965 2240 nobis
991 2199 1139 2246 abest;
1166 2200 1238 2240 sed
1261 2199 1369 2240 ferre
1391 2198 1669 2240 contumelias
1688 2229 1700 2247 ‚

326 2272 538 2314 odientem
566 2267 760 2322 diligere,
786 2279 905 2305 orare
925 2279 1000 2320 pro
1022 2266 1395 2320 persequentibus,
1416 2264 1541 2305 verba
1559 2279 1703 2305 susur-

326 2350 478 2377 ronum
502 2332 711 2389 patienter
729 2338 920 2385 portare,
961 2343 984 2369 ο
1020 2344 1144 2384 qnam
1171 2330 1328 2385 grande
1345 2330 1594 2386 martyrium
1616 2331 1701 2370 est!

328 2402 432 2445 Nam
456 2400 524 2455 (Ῑυί
550 2397 687 2454 gladio
711 2395 936 2442 occiditur,
963 2394 1048 2435 cito
1074 2394 1244 2436 forsitan
1284 2396 1491 2442 moritum
1529 2396 1598 2436 sed
1635 2394 1703 2451 qui

329 2468 411 2509 hoc
435 2466 473 2506 in
499 2473 581 2506 tota
605 2463 685 2503 vita
710 2468 874 2517 portat,
897 2459 1099 2515 quamdiu
1116 2492 1125 2510 ,
1154 2475 1279 2516 quant
1302 2461 1447 2517 longe,
1471 2476 1594 2516 quan]
1615 2475 1705 2517 poe-

378 2579 387 2600 ¹
407 2580 500 2610 Prov.
515 2584 594 2615 xvn,
615 2583 667 2610 17.

377 2658 423 2689 {1²
444 2653 523 2687 Cod,
544 2651 715 2683 'renen-ris,
