1885 3284
523 274 652 308 unna
688 274 745 306 nn
780 272 933 306 ruem
969 272 1205 305 vinolium.
1467 256 1547 309 151

191 354 279 390 tam
293 342 410 405 jugis
432 340 553 388 cellae
578 341 774 387 tentatio.
806 338 927 386 Cella
952 339 1273 398 negotiatorum
1309 341 1555 388 coelestium

190 414 431 478 apotheca,
456 413 499 458 in
521 427 608 475 qua
632 411 836 457 videlicet
857 409 1032 455 illarum
1056 409 1271 455 mercium
1292 426 1460 457 summa
1485 429 1557 457 re-

177 483 412 538 ·conditur,
435 482 598 546 quibus
616 492 742 527 terrae
762 480 1003 527 viventium
1027 480 1234 542 possessio
1252 483 1553 543 comparatur!

194 554 307 600 Felix
337 552 678 608 commercium,
711 551 788 597 ubi
827 550 1005 597 terrenis
1041 549 1260 605 coelestia,
1298 551 1557 597 transitoriis

191 634 418 678 mutantur
442 622 630 669 aeterna!
670 621 854 676 Felices,
883 621 1090 684 inquam,
1120 619 1331 666 nundinae
1353 658 1364 676 ,
1387 621 1467 667 ubi
1488 637 1559 667 ve-

190 693 299 740 nalis
324 704 488 740 aeterna
513 692 602 739 vita
629 692 910 755 proponitur,
951 689 1007 735 ad
1042 705 1176 752 quam
1201 690 1430 736 emendam
1451 727 1460 744 ,
1485 691 1562 736 etsi

190 764 423 809 minimum
449 761 559 826 quid
577 798 587 817 ‚
613 761 753 808 solum
777 760 936 807 sufficit
958 759 1080 823 quod
1106 759 1328 814 habetur3
1359 761 1436 806 uhi
1458 759 1564 807 levis

190 834 366 880 afflictio
382 833 524 879 carnis
540 832 645 877 emit
658 831 832 878 coeleste
846 830 1116 886 convivium,
1129 839 1171 875 et
1186 829 1564 894 exiguaelacrymae

191 905 323 951 risum
345 904 522 967 pariunt
541 902 884 965 sempiternum3
910 900 1119 964 possessio
1154 910 1320 945 terrena
1352 899 1566 946 distrahi-³

191 985 279 1030 tur,
310 985 351 1019 et
375 974 430 1021 ad
452 984 625 1020 {eternae
643 971 914 1018 haereditatis
933 970 1251 1034 patrimonium
1287 970 1558 1034 pervenitur!

192 1045 231 1091 O
266 1043 373 1090 cella
392 1081 404 1101 ,
442 1042 677 1107 spiritualis
709 1042 899 1088 exercitii
928 1039 1142 1087 mirabilis
1165 1039 1338 1086 officina
1357 1078 1368 1096 ,
1404 1041 1451 1086 in
1477 1057 1565 1104 qua

191 1124 306 1171 certe
330 1114 530 1161 humana
551 1113 696 1158 anima
715 1113 932 1158 Creatoris
953 1110 1021 1157 sui
1043 1110 1090 1156 in
1109 1126 1151 1156 se
1172 1121 1388 1156 restaurat
1407 1110 1567 1170 imagi-

189 1202 290 1231 nem
306 1221 319 1241 ,
341 1196 383 1231 et
403 1185 455 1231 ad
481 1201 569 1230 suae
593 1182 708 1229 redit
727 1183 904 1243 originis
921 1181 1159 1246 puritatem
1180 1201 1192 1234 ;
1221 1181 1300 1227 ubi
1325 1197 1471 1232 sensus
1486 1181 1545 1227 ob

193 1256 276 1300 tusi
314 1255 371 1301 ad
402 1253 690 1300 subtilitatem
731 1252 797 1298 sui
832 1252 1044 1298 acuminis
1077 1250 1292 1307 redeunt,
1327 1261 1370 1296 et
1412 1251 1564 1297 vitiata

190 1335 346 1370 natura
372 1324 426 1370 ad
451 1341 602 1387 azyma
622 1322 878 1368 sinceritatis
896 1322 1218 1385 reparatur.Tu
1238 1321 1314 1367 das
1329 1332 1378 1367 ut
1390 1322 1565 1381 jeiuniis

190 1394 421 1441 videantur
446 1411 520 1439 ora
546 1393 752 1456 pallentia
769 1429 779 1448 ,
807 1403 849 1438 et
870 1409 989 1438 mens
1015 1392 1177 1438 divinae
1199 1391 1348 1450 gratiae
1381 1391 1438 1436 sit
1463 1392 1563 1454 pin·—

192 1463 378 1523 guedine
410 1465 627 1524 saginata3
663 1473 710 1508 tu
740 1462 816 1508 das
846 1472 894 1508 ut
926 1462 1060 1514 homo
1080 1460 1246 1507 mundo
1271 1462 1408 1507 Deum
1434 1461 1568 1507 corde

191 1535 457 1598 conspiciat,
481 1535 558 1597 qui
576 1533 662 1579 suis
680 1533 918 1580 obvolutus
931 1532 1140 1585 tenebris,
1156 1543 1198 1577 et
1220 1548 1262 1577 se
1279 1532 1425 1595 ipsum
1442 1532 1567 1595 prius

190 1605 514 1666 ignorabat.Tu
534 1604 758 1650 hominem
772 1604 827 1650 ad
847 1621 974 1651 suum
992 1604 1098 1650 facis
1115 1602 1254 1649 redire
1279 1603 1566 1667 principium,

191 1687 233 1722 et
252 1676 306 1722 (le
324 1677 443 1723 exilii
466 1676 705 1736 dejectione
724 1676 779 1721 ad
795 1676 1021 1738 antiquam
1043 1674 1267 1734 dignitatis
1287 1690 1464 1720 revocas
1483 1674 1568 1720 cel-

191 1746 443 1794 situdinem.
473 1749 542 1792 Tu
557 1745 663 1792 facis
687 1757 736 1792 ut
761 1747 896 1792 homo
916 1746 962 1791 in
982 1745 1137 1791 mentis
1161 1761 1258 1790 arce
1275 1744 1564 1801 constitutus,

192 1829 351 1865 cuncta
386 1837 410 1864 a
449 1836 490 1865 se
526 1818 595 1882 (1)
636 1818 780 1863 videat
822 1829 990 1863 terrena
1028 1817 1219 1862 defluere
1236 1853 1246 1870 ‚
1285 1816 1565 1879 semetipsum

192 1905 367 1952 quoque
392 1889 436 1935 in
453 1888 547 1952 ipsa
578 1904 725 1934 rerum
747 1888 992 1934 labentium
1033 1886 1276 1950 prospiciat
1309 1885 1567 1936 decursione

193 1970 386 2006 transtre.

259 2031 333 2078 1V.
365 2032 404 2078 Ο
429 2030 555 2087 cella,
582 2046 715 2076 sacrae
736 2029 905 2075 militiae
928 2026 1280 2083 tabernaculum,
1305 2027 1564 2090 procinctus

197 2101 530 2165 triumphatoris
556 2100 766 2146 exercitus
787 2137 798 2154 ,
825 2110 965 2145 castra
989 2099 1096 2153 Dei,
1117 2097 1249 2142 turris
1276 2097 1445 2154 David,
1465 2110 1566 2159 quae

194 2171 411 2218 aedificata
437 2182 499 2217 est
515 2187 617 2216 cum
640 2170 986 2234 propugnaculis
1008 2205 1018 2224 ,
1054 2167 1171 2213 mille
1199 2166 1344 2229 clypei
1373 2167 1569 2230 pendent

194 2259 243 2289 ex
269 2253 325 2298 te,
348 2243 487 2288 omnis
508 2251 724 2288 armatura
740 2241 941 2287 fortium!
960 2240 1028 2284 Tu
1047 2254 1230 2301 campus
1250 2237 1388 2283 divini
1405 2236 1566 2300 praelii,

195 2313 433 2376 spiritualis
469 2329 597 2358 arena
630 2312 879 2358 certaminis
901 2349 911 2366 ‚
943 2309 1204 2370 Angelorum
1230 2306 1529 2370 spectaculum
1557 2344 1567 2361 ,

195 2382 384 2447 palestra
421 2383 591 2430 fortiter
623 2382 927 2428 dimicantium
968 2381 1264 2434 luctatorum,
1290 2378 1367 2423 ubi
1392 2377 1571 2441 spiritus

197 2470 297 2500 cum
322 2470 451 2500 carne
467 2453 764 2514 congreditur,
786 2452 960 2500 etfortis
974 2452 1030 2498 ab
1045 2449 1300 2511 infirmitate
1324 2458 1569 2511 superatur.

245 2582 299 2633 (π)
317 2587 396 2621 eod.
413 2599 458 2620 se.
