1885 3284
297 221 378 265 182
560 236 595 265 S.
641 235 882 265 AtJGL's'sJNI
920 236 1120 266 El'ISCOPl
1158 235 1396 268 APPENDIX.

283 301 502 344 exhorruit
526 334 535 350 ,
562 315 638 358 per
659 303 925 344 coenaculum
949 303 1063 344 velut
1086 302 1317 345 insensatus
1350 303 1542 344 cucurrit
1569 303 1628 359 (1)
1646 334 1656 352 ς

283 377 325 409 et
343 367 538 409 clamavit
567 383 608 408 z«
627 367 715 410 Non
738 368 895 411 lavabis
918 369 1021 410 mihi
1045 369 1211 426 pedes'.
1228 388 1242 409 1>
1281 369 1405 415 Nam,
1431 369 1570 425 inquit
1592 369 1663 412 Pe-

283 442 372 475 trus
393 467 403 482 ,
423 434 603 476 Domine
619 466 628 481 ,
651 433 737 491 jam
764 435 845 476 dixi
869 437 982 491 quod
1009 450 1100 476 eras
1121 434 1310 477 Christus
1333 435 1462 478 Filius
1483 434 1599 486 I)ei²‚
1620 444 1662 477 et

284 507 330 540 tu
360 498 464 540 mihi
491 501 602 541 lavas
630 499 792 556 pedes?
830 499 912 541 Sed
936 508 1082 542 notare
1105 501 1268 542 dehetis
1285 534 1294 548 ,
1319 500 1466 542 fratres
1484 534 1493 549 ,
1520 501 1589 557 qui
1618 500 1660 542 iu

282 579 424 606 eremo
450 564 658 607 habitatis.
689 564 790 612 Cur,
818 566 974 621 inquit,
994 568 1146 607 «Coena
1168 565 1296 608 facta³
1321 585 1335 605 n
1363 566 1534 615 dicitur,
1561 581 1659 608 cum

284 639 376 687 post
398 630 656 671 ablutionem
682 632 840 687 pedum
862 632 1027 673 dicatur
1049 631 1286 673 buccellam
1305 632 1421 688 panis
1444 632 1564 674 Judae
1580 632 1662 674 Do-

284 696 443 737 minum
469 695 724 753 porrexisse⁶
744 695 761 737 P
786 697 876 738 Non
897 697 1100 738 debemus
1124 697 1357 753 intelligere
1379 711 1543 738 crenam
1563 697 1659 738 fini-

284 771 384 810 tam,
410 777 505 803 cum
528 762 691 803 dicatur
711 762 848 803 adhuc
868 778 1018 820 panem
1042 778 1130 804 esse
1143 778 1269 820 super
1285 778 1499 804 mensam:
1522 763 1660 805 adhuc

282 828 393 869 enim
421 827 682 874 coenabatur,
702 827 870 883 quando
893 828 1097 869 Dominus
1118 843 1138 870 a
1159 843 1301 869 mensa
1326 829 1581 878 surrexit,e't
1604 837 1662 871 ta-

284 909 379 935 men
404 908 522 934 coena
541 892 624 949 jam
649 893 756 934 sacta
783 893 950 934 dicitur.
976 893 1213 950 Intelligere
1240 893 1309 935 hic
1332 908 1514 950 namque
1537 894 1663 935 debe-

284 961 357 1007 tis,
391 958 504 1015 quod
528 972 611 1000 non
637 959 742 999 sacta
773 966 889 1005 erat,
936 960 1008 999 sed
1042 967 1183 1015 parata
1223 973 1232 999 ε
1267 959 1320 1000 acl
1350 958 1660 1001 convivandum

283 1040 436 1067 mensae
459 1024 543 1080 jam
573 1024 632 1078 (2)
662 1024 935 1080 superducta.
958 1024 1060 1065 ldco
1080 1024 1264 1066 Joannes
1283 1057 1293 1074 ‚
1320 1024 1454 1081 aquila
1472 1026 1657 1081 grandis,

281 1091 322 1132 in
345 1091 493 1132 eadem
522 1104 640 1131 coena
672 1089 811 1130 omnia
848 1089 1071 1146 diligenter
1095 1092 1334 1138 attendens,
1377 1090 1492 1147 prius
1528 1090 1659 1133 nostri

281 1156 507 1198 salvatoris
552 1154 849 1197 celsitudinem
886 1156 1019 1197 voluit
1062 1157 1388 1204 commendare,
1430 1157 1530 1198 dum
1569 1156 1625 1199 ait
1649 1171 1658 1197 :

293 1241 307 1260 a
328 1222 473 1263 Sciens
491 1220 613 1263 Jesns
636 1221 731 1276 quia
755 1221 894 1262 onmia
918 1223 1039 1262 Pater
1063 1221 1178 1262 dedit
1196 1221 1233 1262 ei
1252 1222 1292 1262 in
1311 1236 1477 1271 manus,
1501 1226 1543 1262 et·
1562 1221 1658 1277 quia

285 1303 328 1329 »a
348 1287 436 1328 Deo
454 1286 600 1332 exivit,
621 1295 690 1326 »et
707 1286 820 1327 venit
839 1286 878 1326 iu
901 1287 1133 1334 mnndum,
1152 1294 1223 1328 «et
1242 1288 1292 1328 ad
1310 1289 1449 1327 Deum
1472 1285 1627 1328 vadit⁵.
1642 1305 1659 1323 υ

279 1353 470 1409 Magnam
497 1351 650 1393 Christi
682 1351 912 1407 potentiam
942 1350 1140 1408 exprimit
1165 1355 1372 1400 Joannes,
1402 1366 1499 1392 cum
1522 1351 1662 1392 omnia

276 1418 443 1460 Patrem
466 1417 503 1458 ei
523 1417 687 1458 dedisse
711 1415 889 1458 affirmat
919 1432 928 1458 :
959 1431 1157 1474 magnam
1189 1416 1481 1458 celsitudinem
1505 1416 1661 1458 Christi

278 1482 502 1540 praedicat,
528 1497 625 1524 cum
653 1498 749 1524 eum
779 1498 799 1523 a
829 1483 916 1524 Deo
935 1483 1084 1524 exiisse
1110 1483 1268 1524 asserit.
1297 1483 1349 1523 Et
1369 1491 1510 1524 tamen
1533 1482 1659 1524 hodie

277 1549 496 1596 audimus,
531 1549 646 1603 quod
684 1548 775 1594 ille,
814 1549 885 1604 qui
925 1548 1065 1589 omnia
1097 1548 1225 1589 habet
1264 1548 1302 1588 in
1344 1562 1470 1589 manu
1487 1581 1496 1596 ‚
1533 1547 1657 1589 vesti-

278 1623 420 1657 menta
452 1614 640 1670 deponit.
669 1613 752 1654 Sed
785 1614 885 1669 quid
910 1614 1082 1662 mirum,
1119 1613 1151 1655 si
1177 1628 1253 1671 pro
1280 1613 1505 1670 Discipulis
1530 1613 1657 1655 vesti-

277 1688 418 1722 menta
443 1679 639 1736 deponit,
665 1679 735 1735 qui
757 1680 812 1734 (5)
832 1679 956 1720 etiam
977 1694 1147 1720 carnem
1165 1694 1242 1736 pro
1261 1678 1441 1720 inimicis
1464 1693 1657 1736 assump-

275 1746 356 1787 sit?
376 1746 428 1787 Et
456 1745 558 1801 quid
575 1744 730 1785 mirum
745 1776 755 1793 ,
778 1744 809 1785 si
827 1759 945 1785 more
963 1744 1106 1785 famuli
1129 1743 1401 1800 praecinxitse
1417 1742 1563 1794 linteo,
1585 1743 1656 1800 qui

274 1811 452 1853 formam
471 1809 577 1852 servi
603 1810 837 1867 accipiens,
864 1810 1013 1851 habitu
1038 1810 1249 1852 invenitur
1269 1818 1314 1852 ut
1330 1809 1518 1868 homo‘ss?
1541 1810 1655 1861 Quid

253 1896 255 1899 ·
273 1877 427 1919 mirum
446 1877 478 1917 si
494 1876 600 1917 fudit
615 1891 763 1932 aquam
787 1876 827 1916 in
843 1876 1014 1933 pelvim,
1033 1876 1102 1932 qui
1122 1877 1314 1933 dignatus
1329 1885 1391 1918 est
1407 1876 1653 1933 sanguinem

273 1943 450 1984 sundere
473 1957 548 1999 pro
572 1951 714 1983 nostra
736 1941 1059 1998 redemptione?
1090 1942 1141 1982 Et
1162 1942 1217 1983 ait
1250 1942 1436 1983 <Ioannes
1466 1956 1506 1982 :«
1528 1940 1654 1983 Venit

271 2029 285 2048 n
301 2024 400 2066 ergo
416 2009 467 2050 ad
485 2008 698 2049 Simonem
722 2007 893 2049 Petrum
912 2007 941 2049 ⁷.
958 2007 1158 2050 »Videtur
1182 2008 1362 2064 denique
1381 2007 1650 2064 quibusdam,

271 2073 379 2116 sicut
413 2073 492 2114 suit
521 2073 587 2115 ille
617 2073 904 2115 sanctissimus
935 2082 1097 2130 martyr
1128 2081 1169 2114 et
1198 2075 1346 2116 doctor
1385 2073 1649 2130 Cyprianus,

270 2149 366 2182 ante
387 2140 558 2183 Petrum
582 2139 737 2181 Judam
752 2141 926 2190 lavasse,
944 2141 1086 2182 volens
1110 2140 1315 2181 Dominus
1333 2140 1545 2197 perditum
1561 2140 1653 2181 Dis-

269 2207 459 2263 cipulum
487 2220 713 2254 revocare,
755 2207 827 2247 sed
857 2221 942 2247 non
965 2205 1132 2247 videtur
1155 2206 1259 2247 ratio
1293 2207 1547 2263 ponderosa.
1588 2205 1651 2246 Ex

269 2287 352 2329 quo
376 2271 488 2313 enim
511 2271 595 2327 jam
618 2271 791 2313 Petrum
827 2279 1084 2313 cunctorum
1109 2279 1236 2328 caput
1265 2271 1446 2320 fecerat,
1472 2270 1650 2313 accessit

317 2390 325 2410 ¹
344 2390 439 2419 Joan.
457 2398 534 2425 xm,
552 2388 584 2419 8.
598 2403 646 2410 —
664 2383 678 2407 ²
694 2386 811 2417 Matth.
831 2397 897 2424 xw,
918 2388 971 2418 16.
986 2404 1034 2411 —
1052 2383 1066 2408 3
1089 2389 1187 2420 Jonu⁷
1208 2397 1280 2426 xm,
1299 2398 1380 2418 2.—-
1399 2383 1510 2418 ⁴1bid.
1525 2387 1582 2420 26.
1604 2404 1648 2411 —

265 2442 280 2467 ⁵
300 2443 382 2475 Ibid.
404 2445 435 2475 3.
450 2438 526 2467 ...6
540 2441 656 2485 Philip.
673 2453 710 2481 11,
731 2454 762 2482 7.
776 2460 820 2467 —
844 2440 858 2464 ⁷
875 2444 973 2477 Joan.
991 2444 1114 2482 x11¹‚6.

312 2524 364 2574 (1)
381 2529 459 2558 Hzec
477 2525 570 2567 longe
588 2523 707 2557 distant
719 2524 758 2557 ab
775 2523 945 2568 Augustini
959 2523 1122 2568 gravitate.
1138 2541 1183 2548 -
1201 2522 1252 2569 (2)
1269 2523 1348 2557 eod.
1369 2535 1460 2555 usum
1469 2521 1643 2566 perducta.

263 2602 306 2608 -—
323 2585 370 2625 (3)
388 2581 437 2616 Id,
456 2581 548 2624 quia.
