1868 3301
325 287 420 348 [274
597 301 632 330 s,
674 298 917 330 amussim
951 297 1154 329 Eriscom
1192 298 1432 332 APPENDIX.

320 366 423 423 gelis
446 365 720 423 praesentibus
740 365 824 413 ibi,
851 364 963 420 quali
987 363 1156 406 dolebat
1188 365 1305 407 luctu
1338 365 1506 424 spiritus
1544 367 1694 413 almus.

324 432 477 484 Gmdo,
503 441 674 489 propter
698 433 809 489 quod
831 433 998 486 loquor,
1024 431 1139 487 quod
1169 432 1394 481 dolebant,
1419 433 1451 475 si
1475 434 1617 477 dolere
1633 450 1708 477 va-

319 497 474 538 lebant.
505 497 623 539 Sicut
645 497 756 539 enim
781 497 916 538 Deum
959 510 1033 551 per
1069 506 1330 553 assumptum
1362 496 1576 540 hominem
1610 515 1702 558 pos-

322 562 441 604 sibile
460 563 537 604 suit
555 563 686 612 mori,
715 563 773 604 sic
794 561 995 619 possibile
1019 561 1097 602 suit
1116 562 1259 603 beatos
1282 563 1464 620 Angelos
1488 565 1630 607 dole-re
1657 565 1701 608 in

324 627 387 669 sui
410 627 579 670 Domini
604 637 754 670 morto.
776 626 937 685 ‹loseph
959 626 1009 668 ab
1033 627 1314 676 Arimathaca,
1339 628 1399 670 vir
1418 638 1604 679 sanctus,
1628 630 1701 687 qui

322 694 373 735 de
392 707 521 735 cruce
545 709 642 736 cum
666 694 898 737 Nicodemo
923 707 1076 749 corpus
1106 693 1261 735 Christi
1292 695 1568 751 deposuerat,
1593 695 1703 738 sicut

319 757 594 816 Evangelium
627 759 825 816 perhibet
855 759 906 800 de
936 757 1120 808 eisdem,
1157 760 1300 816 posuit
1334 759 1438 802 illud
1462 761 1503 803 in
1525 761 1702 804 sindone

321 837 428 866 nova
447 825 667 866 conditum
696 823 953 866 aromatibus
975 824 1167 881 pretiosis
1183 856 1194 875 ‚
1219 825 1442 882 posuitque
1467 827 1638 868 demum
1659 826 1703 869 in

321 901 600 934 monumento
624 906 733 934 novo
749 925 760 941 ,
795 892 909 948 quod
934 890 1012 932 sibi
1045 891 1227 940 fecerat,
1254 891 1446 935 alacriter
1468 900 1509 934 et
1532 893 1699 936 devote.

321 954 443 998 Tunc
467 959 519 999 ad
541 956 650 999 illius
673 957 870 1014 exequias
888 955 1150 1014 Angelorum
1173 957 1351 1006 chorus,
1372 957 1500 1000 millia
1523 957 1703 1000 millium

319 1022 626 1072 decantabant,
649 1038 697 1065 ac
716 1038 862 1065 omnes
884 1023 1039 1079 pariter
1060 1032 1354 1065 convenerunt
1376 1025 1428 1066 ad
1451 1023 1516 1065 sui
1532 1022 1704 1066 Domini

320 1088 593 1144 sepulturam.
622 1088 705 1145 Ipsi
729 1088 956 1131 cantabant
974 1089 1143 1136 laudes,
1167 1091 1240 1131 sed
1264 1089 1391 1131 Maria
1420 1089 1547 1131 dabat
1569 1088 1705 1147 gemi-

323 1156 404 1205 tus,
427 1160 467 1195 et
487 1153 626 1195 cordis
650 1154 828 1211 suspiria
853 1154 1092 1197 exhalabat.
1117 1155 1180 1197 Illi
1203 1155 1349 1196 laudes
1373 1154 1631 1197 extollebant
1654 1153 1706 1196 ad

323 1220 505 1267 coelum,
540 1219 666 1260 Maria
702 1234 844 1260 amare
879 1219 1007 1261 [lebat
1035 1220 1152 1277 juxta
1188 1221 1448 1278 sepulcrum,
1474 1228 1516 1263 ct
1538 1219 1707 1263 volebat

319 1298 417 1325 cum
441 1284 535 1332 illo,
561 1293 707 1326 moesta
726 1285 871 1332 Mater,
900 1285 1056 1342 pariter
1074 1286 1258 1343 sepeliri.

382 1349 456 1392 IX.
493 1350 592 1392 Haee
614 1351 753 1392 innixa
778 1366 905 1408 super
927 1352 1069 1394 dilecti
1092 1352 1155 1393 sui
1179 1367 1334 1409 corpus
1352 1384 1361 1400 ,
1397 1350 1580 1394 suaviter
1610 1364 1702 1394 am-

322 1415 512 1473 plectens
535 1417 731 1457 eumdem
757 1431 853 1458 cum
883 1417 1000 1459 omni
1021 1417 1173 1459 amoris
1198 1417 1440 1466 dulcedine,
1470 1416 1705 1459 osculando

325 1481 555 1523 astantibus
581 1481 678 1523 talia
701 1483 954 1524 resonabat:
982 1501 996 1521 «
1020 1483 1271 1524 Miseremini
1305 1483 1412 1533 mei,
1447 1480 1706 1524 miseremini

324 1547 460 1595 niuei,
486 1548 632 1588 saltem
656 1562 728 1589 vos
752 1548 876 1589 amici
898 1548 1023 1590 mei'.
1046 1566 1061 1586 »
1087 1549 1210 1590 Illum
1234 1548 1374 1590 adhuc
1394 1549 1615 1606 paululum
1637 1562 1707 1590 re-

322 1612 501 1669 linquite
533 1613 654 1655 Matri
681 1629 783 1663 suae,
829 1623 875 1656 ut
918 1614 1068 1656 faciem
1107 1613 1199 1670 ejus
1230 1615 1392 1656 valeam
1424 1613 1705 1672 contemplari

323 1687 365 1720 et
388 1679 695 1735 aliquantulum
719 1679 942 1722 consolari.
970 1680 1006 1722 O
1024 1680 1262 1722 charissimi
1287 1680 1395 1730 mei,
1424 1681 1556 1723 nolite
1584 1680 1706 1722 obse-

323 1758 395 1785 cro
421 1753 506 1786 tam
538 1745 620 1786 cito
650 1747 817 1788 tradere
839 1748 1078 1804 sepulturae.
1117 1746 1224 1788 Date
1255 1745 1373 1788 illum
1396 1746 1561 1789 miserae
1584 1745 1707 1790 Matri

324 1825 431 1859 suae,
459 1819 505 1852 ut
527 1810 664 1867 ipsum
701 1827 871 1854 mecum
908 1812 1088 1854 habeam
1116 1813 1181 1854 vel
1208 1812 1477 1864 defunctum,
1504 1820 1576 1854 aut
1601 1811 1633 1854 si
1662 1810 1708 1853 il-

323 1877 411 1919 lum
431 1877 638 1933 deponitis
655 1911 664 1925 ‚
686 1878 730 1919 in
748 1879 946 1935 sepulcro
968 1894 1036 1920 me
1065 1878 1262 1919 miseram
1293 1878 1468 1936 sepelite
1490 1892 1588 1920 cum
1625 1891 1702 1926 eo,

324 1943 419 1999 quia
442 1945 549 1985 male
570 1952 666 2001 post
693 1944 828 2001 ipsum
853 1953 1043 2003 superest
1065 1944 1167 1986 mihi
1184 1944 1280 1986 vita.
1308 1943 1531 1986 »Tuncilli
1557 1942 1705 1985 Chris-

326 2017 415 2050 tum
439 2008 480 2050 in
502 2011 745 2066 sepulcrum
770 2012 832 2066 (1)
857 2011 1097 2068 ponebant,
1130 2017 1170 2051 et
1192 2009 1280 2066 ipsa
1307 2025 1405 2051 eum
1428 2009 1624 2052 trahebat
1654 2008 1706 2051 ad

325 2089 392 2119 se;
420 2075 588 2117 volebat
608 2076 721 2117 enim
740 2091 837 2118 eum
856 2091 1001 2118 secum
1033 2076 1339 2132 aliquantulum
1357 2076 1540 2118 retinere
1555 2107 1566 2124 ‚
1588 2083 1630 2117 et
1646 2074 1706 2117 illi

324 2139 522 2182 volebant
540 2156 637 2182 eum
656 2143 824 2184 tradere
846 2144 1071 2199 sepulturae
1088 2159 1098 2190 3
1126 2156 1172 2183 ac
1188 2142 1247 2183 sic
1265 2150 1355 2184 erat
1377 2141 1504 2199 pialis
1522 2149 1565 2183 et
1584 2140 1708 2183 mise-

323 2206 454 2247 randa
481 2207 698 2248 contentio
733 2207 842 2250 inter
875 2222 960 2250 eos·
992 2207 1151 2249 Omnes
1182 2215 1322 2249 tamen
1352 2207 1411 2249 sic
1443 2205 1705 2248 amarissime

321 2270 502 2325 flebant,
535 2282 580 2314 ut
613 2274 789 2330 quisque
820 2289 968 2316 eorum
1000 2288 1084 2315 non
1116 2281 1256 2331 posset
1290 2274 1340 2315 ad
1375 2274 1548 2330 plenum
1577 2272 1704 2313 verba

322 2337 520 2379 formare.
553 2338 763 2382 Videbunt
789 2340 960 2397 quidem
990 2339 1167 2382 Matrem
1200 2339 1315 2382 omni
1348 2338 1497 2381 solatio
1529 2337 1704 2380 destitu-

322 2412 408 2447 tam
423 2437 433 2453 ,
456 2413 499 2447 et
516 2419 641 2463 super
660 2406 772 2448 illam
796 2407 1015 2464 planctum
1035 2406 1192 2447 dabant
1210 2405 1351 2463 potius
1371 2419 1422 2447 ex
1442 2402 1703 2461 compassio-

321 2469 385 2513 nis
403 2468 573 2519 affectu‚
594 2486 720 2528 quam
737 2487 864 2529 super
879 2471 1054 2514 unicum
1071 2486 1196 2514 suum
1211 2470 1442 2514 Dominum
1456 2469 1699 2529 specialem.

366 2580 379 2605 ¹
399 2581 479 2615 Job.
503 2593 584 2626 xix,
604 2594 661 2616 21.

368 2662 416 2709 (1)
435 2663 520 2700 Cod.
540 2664 574 2696 in
590 2665 748 2707 sepulcro.
