1885 3284
463 299 604 329 SERMO
640 300 714 336 XC,
752 300 989 329 ExpostTto
1027 302 1162 332 stum.
1453 305 1514 350 99

150 367 286 410 factus
303 375 364 410 est
385 365 545 412 carnis,
569 365 710 409 Patris
724 365 860 410 virtus
876 368 887 418 ἴ
904 383 910 410 ι
925 365 960 427 )
987 365 1073 410 hoc
1089 378 1149 410 est
1170 369 1287 411 Jesus
1304 367 1515 413 Christus.

150 436 340 492 Quando
358 448 501 481 autem
526 438 755 499 assumpsit
783 437 1012 500 Apostolos
1031 474 1041 492 ‚
1065 437 1175 482 sicut
1194 438 1417 496 Evangelia
1442 451 1520 483 tes-

152 517 312 553 tantur.
329 518 371 551 et
395 505 586 551 ascendit
606 507 645 550 in
671 520 858 551 montem
881 507 1116 563 excelsum,
1131 520 1170 553 et
1189 509 1435 553 monstravit
1452 509 1517 569 (jz)

151 578 354 623 virtutem
377 576 566 628 deitatis,
587 587 626 621 et
649 594 748 622 ecce
768 577 904 623 nubes
922 577 1108 622 candide
1136 577 1519 641 cooperuiteunfl,

155 649 289 693 nubes
328 665 428 693 vero
458 647 688 710 splendida
724 648 927 693 virtutem
973 649 1113 693 Patris
1143 649 1187 694 in
1220 666 1269 694 eo
1298 648 1520 705 ostendit,

152 718 263 763 sicut
290 718 469 781 quidam
499 735 574 780 per
594 718 840 781 vaniloquia
864 717 1047 772 docent,
1071 719 1298 781 quomodo
1329 730 1410 763 tres
1433 736 1526 782 per·

153 806 268 834 sonte
289 789 330 833 in
351 806 433 834 una
458 789 736 834 substantia?
767 788 832 833 lili
863 801 1005 833 autem
1032 788 1188 834 dicunt
1211 801 1294 834 tres
1318 790 1494 834 virtutes
1512 826 1523 845 ‚

155 877 231 905 nos
257 871 396 906 autem
424 859 625 904 aiidimus
649 870 733 905 tres
757 877 961 923 personas
981 861 1023 905 in
1046 877 1127 905 una
1147 860 1307 906 virtute
1323 896 1333 912 ,
1354 861 1430 905 tria
1452 877 1528 905 vo-

154 930 313 976 cabula
332 967 343 982 ,
371 929 442 975 sed
464 946 598 975 unum
625 932 786 984 Deum3
814 930 892 975 tria
911 930 1127 976 vocabula
1149 931 1278 976 unius
1295 930 1428 976 vocis.
1451 931 1529 974 Pa-

155 1002 248 1057 tris,
274 1013 316 1046 et
341 1000 463 1053 Filii,
502 1011 542 1046 et
574 1001 764 1064 Spiritus
794 1001 948 1047 sancti.
991 1002 1156 1046 lterum
1189 1000 1251 1046 illi
1291 1000 1531 1046 dividentes

156 1072 358 1117 virtutem
375 1082 417 1117 et
436 1070 638 1116 deitatem
659 1071 887 1116 Trinitatis
908 1071 1063 1116 dicunt
1087 1089 1097 1116 z
1123 1071 1247 1117 Sicut
1265 1072 1528 1134 Imperator,

159 1143 414 1204 praefcctus,
443 1152 486 1187 et
506 1159 649 1187 comes
678 1142 784 1204 (3ss
818 1140 958 1187 Absit.
1002 1141 1101 1187 Non
1138 1141 1263 1186 trado
1299 1159 1377 1201 ego
1417 1146 1535 1186 hanc

158 1213 400 1259 doctrinam
425 1250 435 1266 ‚
461 1223 534 1258 aut
553 1215 679 1258 istam
704 1213 1013 1276 expositionem
1037 1249 1046 1264 ‚
1072 1224 1146 1258 aut
1170 1213 1297 1258 fidem
1317 1250 1326 1266 ,
1353 1212 1425 1257 sed
1448 1230 1535 1257 nta-

158 1284 220 1343 gis
239 1283 571 1330 anathematizo.
606 1283 829 1346 Scriptum
851 1293 912 1328 est
932 1283 1045 1328 enim
1081 1286 1123 1327 in
1155 1283 1314 1328 divinis
1338 1299 1535 1345 praecep-

160 1354 210 1399 tis
238 1371 249 1398 :
276 1374 297 1394 κ
314 1353 509 1398 visibilia
539 1354 651 1398 enim
686 1353 820 1413 hujus
845 1352 996 1398 mundi
1033 1353 1329 1398 invisibilibus
1355 1370 1537 1416 compa·

163 1448 181 1466 »
208 1425 404 1469 ramni-⁶2.
423 1447 442 1466 »
469 1426 684 1470 Terrenus
707 1425 945 1487 imperator
972 1425 1039 1485 (4)
1074 1423 1127 1468 de
1166 1425 1306 1468 tribus
1330 1435 1532 1478 constat,

160 1494 231 1539 sed
259 1511 392 1539 unum
413 1505 474 1539 cst
497 1495 749 1557 imperium.
780 1494 824 1539 Si
845 1493 1099 1556 deposuerit
1120 1493 1321 1538 diadema
1342 1511 1363 1538 a
1389 1496 1538 1556 capite

159 1581 237 1610 suo
255 1601 266 1619 ‚
288 1567 438 1610 Caesar
460 1576 542 1609 est.
561 1576 603 1610 et
620 1581 707 1609 non
725 1565 965 1627 imperator
984 1563 1201 1627 perfectus
1219 1584 1230 1618 ;
1255 1565 1315 1610 sie
1334 1566 1408 1627 qni
1429 1564 1541 1609 blas-

163 1635 376 1698 phemant
393 1635 605 1698 Spiritum
626 1646 826 1681 sanctum
841 1652 927 1680 non
941 1646 1043 1680 sunt
1058 1635 1319 1688 Christiani3
1335 1646 1375 1680 vt
1389 1636 1419 1680 si
1441 1652 1541 1698 pur-

164 1722 315 1768 puram
341 1705 615 1768 deposuerit,
638 1707 705 1751 vir
733 1706 846 1751 solus
871 1716 934 1750 est
955 1741 966 1756 ,
996 1706 1110 1750 sicut
1128 1706 1269 1750 ,ludaei
1296 1722 1422 1750 unam
1450 1722 1542 1768 per-

162 1792 309 1821 sonam
336 1775 534 1821 adorant.
563 1777 652 1820 Nos
683 1787 823 1820 autem
847 1776 1115 1820 confitemur
1131 1775 1250 1838 quod
1277 1776 1388 1819 sicut
1406 1776 1540 1838 inipe-

164 1857 284 1891 rator
313 1857 506 1891 terrenus
525 1882 535 1899 ,
563 1846 625 1891 sic
657 1856 699 1890 et
719 1845 908 1891 coelestis
930 1881 940 1896 ‚
973 1845 1108 1889 homo
1143 1845 1185 1889 in
1227 1862 1423 1908 purpura
1448 1883 1459 1899 ‚
1501 1856 1543 1890 et

167 1933 362 1981 purpura
385 1917 430 1963 in
455 1916 665 1965 homine:
693 1932 854 1961 corona
880 1925 1021 1960 autem
1042 1916 1202 1977 capitis
1224 1916 1418 1961 continet
1441 1933 1544 1979 pur-

167 2004 323 2051 puram
345 2023 355 2041 ,
392 1997 433 2032 et
463 1987 505 2032 in
531 1986 708 2032 homine
736 2003 868 2032 unum
897 1986 1129 2049 imperium
1153 1987 1342 2032 ostendit
1362 1987 1442 2049 (5).
1472 1988 1544 2032 Sic

167 2059 298 2102 Pater
323 2057 367 2102 in
385 2055 520 2110 Filio,
555 2067 596 2101 et
623 2056 758 2102 Filius
779 2056 821 2101 in
847 2059 1001 2107 Patre,
1031 2057 1220 2119 Spiritus
1245 2068 1388 2102 autem
1412 2073 1542 2103 sanc-

169 2138 238 2173 tus
260 2127 518 2185 conJunctio
544 2127 723 2172 Deitatis
740 2164 752 2183 ‚
771 2129 909 2174 virtus
932 2138 974 2173 et
997 2128 1138 2173 unitas
1163 2128 1406 2174 Trinitatis,

218 2247 227 2266 ¹
245 2243 364 2277 Mauh.
388 2255 464 2282 xvn,
486 2246 516 2275 5.
535 2262 574 2268 -
590 2243 713 2277 '²Rom.
739 2256 767 2281 ι,
787 2255 841 2279 20.

215 2316 265 2362 (ι)
284 2317 364 2349 (lod.
385 2317 517 2349 virtute.
535 2335 576 2340 -
595 2315 647 2361 (α)
664 2316 712 2348 Id.
730 2317 872 2350 mutavit.
891 2335 929 2340 -—
953 2315 1003 2362 (ἲ)
1021 2316 1105 2347 Vide
1126 2316 1294 2358 Augustin.
1309 2323 1419 2349 contra
1434 2320 1538 2350 Serui.

177 2376 298 2408 λήθη..
317 2384 407 2404 nuni.
427 2377 479 2403 ιδ.
498 2390 538 2396 -·-
555 2369 606 2415 (4)
624 2374 704 2406 (loti.
720 2381 881 2413 operator,
899 2391 941 2397 -
960 2370 1011 2416 (5)
1027 2374 1102 2403 Haee
1123 2372 1211 2403 valde,
1225 2373 1359 2404 obscura
1379 2373 1538 2405 videniur.

171 2428 250 2462 (lod.
269 2428 341 2459 hom
347 2428 443 2459 inem.
