1885 3284
324 385 466 414 salmo
505 383 658 422 xxxvi,
700 385 741 414 ιΝ
781 384 915 414 eoam
951 383 1110 414 emunt
1153 385 1220 416 ιιι.
1389 374 1470 435 ¹39

98 453 279 495 mundus
312 465 379 492 vos
408 464 489 491 non
518 449 655 490 videat
678 482 687 497 ,
715 458 854 492 tamen
877 452 1016 492 lucem
1043 451 1189 491 muudi
1214 466 1284 493 vos
1309 453 1472 509 appello

98 526 140 560 ct
181 517 340 562 salutm
380 514 474 556 ideo
507 515 602 570 quia
639 515 709 556 lux
747 516 843 557 estis
866 549 876 564 ‚
911 534 925 553 «
955 515 1144 557 Luceant
1176 525 1309 558 vestra
1346 532 1473 574 opera

99 602 113 621 n
129 581 278 624 bona’.
295 599 310 619 »
331 580 411 623 Nos
435 580 504 636 qui
533 579 724 621 videmur
745 596 890 637 gerere
908 581 947 621 in
969 580 1157 637 corporis
1181 583 1309 624 nostri
1327 583 1473 625 habitu

98 648 277 705 figuram
301 646 439 688 crucis
455 679 463 694 ,
496 654 538 687 ct
559 660 713 686 nomen
739 651 892 688 sauctae
914 646 1124 703 religionis
1147 647 1352 690 habemus
1367 681 1376 698 ,
1407 649 1473 690 ni·-

99 728 214 771 gram
240 712 365 754 etiam
389 719 546 752 vestem
567 711 814 753 humilitatis
833 720 1072 769 portamus,
1105 712 1217 754 zonis
1243 714 1367 755 etiam
1392 717 1477 771 prl-

100 779 214 822 liceis
240 777 455 836 praecincti
486 791 736 833 apparemus
754 809 763 824 ,
794 792 1016 818 caveamus
1038 792 1090 818 ne
1122 795 1136 814 a
1155 777 1320 820 Similes
1344 780 1474 821 simus

101 844 335 902 »sepulcris
359 843 561 885 dealbatis
581 874 591 889 ,
617 858 709 899 quoe
733 843 832 884 soris
860 844 1035 900 pulchra
1059 852 1101 885 et
1134 845 1320 900 speciosa
1346 860 1476 902 appa—

102 917 221 952 »rcnt
237 941 247 958 ,
273 909 346 950 sed
374 908 486 949 intus
514 908 640 963 plena
660 916 759 949 sunt
776 908 939 949 ossibus
963 911 1268 951 mortuorum&
1288 928 1304 949 υ
1334 911 1478 952 Provi-

100 977 275 1018 deamus
297 989 351 1016 ne
373 973 494 1015 nohis
515 973 680 1015 dicatur
703 989 711 1014 ς
732 993 748 1010 ιι
766 974 835 1016 Vae
850 975 984 1025 vobis,
1003 975 1074 1030 qui
1092 975 1284 1018 clauditis
1300 991 1477 1033 reguum

98 1042 333 1083 »coelorum
352 1048 448 1080 ante
469 1038 672 1080 homines
695 1056 710 1077 ι)
742 1039 889 1081 Timeo
911 1040 1023 1080 enim
1047 1040 1162 1088 satis,
1190 1056 1271 1081 ne«
1301 1041 1386 1083 Nec
1412 1042 1471 1097 (1)

100 1105 371 1149 »Paradisum
392 1105 594 1146 intremus
610 1137 619 1153 ‚
646 1119 724 1145 nec
752 1104 852 1145 alios
875 1105 1171 1162 permittamus
1194 1105 1392 1148 i11trare⁵.
1410 1126 1424 1145 ι

155 1171 211 1214 X.
249 1171 339 1213 Hoc
361 1179 500 1212 autem
522 1185 651 1225 quare
672 1170 800 1211 dico?
823 1170 912 1212 Non
935 1172 1048 1228 quod
1070 1172 1264 1223 credam,
1302 1171 1474 1221 fratres,

103 1251 174 1277 vos
199 1236 330 1278 malos
355 1250 473 1284 esse,
508 1235 579 1275 scd
608 1234 703 1290 quia
743 1235 868 1276 doleo
903 1236 953 1276 de
983 1234 1110 1276 fratre
1145 1244 1281 1277 vestro
1315 1237 1479 1294 perdito

100 1300 334 1357 Simplicio,
356 1299 426 1355 qui
449 1300 498 1340 ad
516 1298 625 1340 hanc
642 1306 831 1340 sanctam
852 1300 1219 1357 congregationem
1243 1316 1339 1342 cum
1362 1311 1479 1343 tanto

100 1365 264 1407 fervore
286 1364 501 1421 pervenit,
535 1372 576 1404 ct
608 1364 781 1405 audiens
817 1373 978 1421 patrem
1015 1366 1283 1407 intersectum
1309 1382 1423 1416 esse,
1458 1383 1479 1409 a

101 1431 218 1472 vohis
240 1431 435 1478 recessit,
465 1439 507 1471 et
525 1431 730 1471 mundum
756 1430 972 1472 reintravit
992 1431 1065 1486 (2),
1084 1440 1129 1473 ut
1152 1433 1282 1488 patris
1300 1443 1480 1475 mortem

102 1497 315 1539 vindicare
334 1505 487 1553 posset.
522 1496 630 1547 «Qui
655 1511 754 1552 ergo
776 1496 985 1538 existimat
1002 1513 1045 1538 se
1068 1503 1201 1547 stare,
1229 1501 1418 1541 attendat
1441 1509 1482 1542 et

104 1562 272 1604 »videat
296 1577 347 1603 ne
371 1561 519 1603 cadat⁶
542 1578 551 1608 ;
572 1578 587 1599 n
614 1569 655 1601 et
679 1562 736 1602 sie
763 1561 1006 1602 hominibus
1025 1562 1263 1604 videntibus
1286 1579 1358 1606 eos
1387 1564 1447 1622 (5)
1465 1598 1475 1614 ,

101 1628 173 1684 qui
197 1628 404 1669 columnae
430 1625 661 1668 sanctitatis
688 1641 778 1668 esse
800 1627 1069 1676 videbantur,
1095 1637 1179 1669 tam
1199 1630 1393 1684 nequiter
1415 1645 1481 1672 ca-

101 1695 223 1741 dere,
245 1708 328 1734 non
351 1693 485 1734 solum
506 1692 582 1733 sibi
608 1692 705 1747 ipsis
729 1707 906 1748 reguum
931 1694 1135 1734 coelorum
1162 1695 1384 1743 claudunt,
1406 1697 1481 1737 sed

101 1759 228 1800 etiam
245 1758 324 1799 illis
348 1757 417 1813 qui
439 1758 477 1798 in
503 1759 658 1798 saeculo
681 1759 970 1799 demorantur.
999 1758 1127 1800 Nobis
1153 1760 1354 1815 denique,
1395 1759 1479 1801 fra-

103 1832 185 1865 tres
201 1854 210 1870 ,
230 1823 300 1879 qui
322 1837 477 1864 nomen
492 1831 534 1863 et
553 1821 745 1863 habitum
760 1830 915 1863 sanctae
930 1822 1140 1879 religionis
1159 1825 1476 1881 assumpsimus,

103 1889 182 1931 vita
207 1890 314 1930 mala
336 1887 614 1945 periculosior
641 1888 720 1929 erit
744 1903 870 1944 quam
895 1888 936 1930 in
960 1890 1112 1930 saeculo
1147 1890 1477 1933 demorantibus.

101 1956 319 1998 Ploremus
341 1969 440 2010 ergo
470 1962 644 2010 peecata
674 1961 843 2004 nostra,
874 1954 1042 2004 fratres,
1081 1963 1123 1997 et
1143 1955 1281 1997 fratris
1318 1957 1471 2000 amissi.

101 2020 334 2077 Diligamus
356 2027 398 2060 et
417 2034 491 2060 nos
505 2017 703 2066 invicem,
720 2019 816 2075 quia
829 2038 840 2055 ι(
862 2019 1055 2061 Charitas
1070 2035 1121 2060 ex
1138 2020 1225 2061 Deo
1237 2021 1339 2063 est⁵.
1356 2041 1369 2060 »
1385 2022 1475 2064 Non

102 2085 328 2127 erubescat
358 2085 463 2125 alter
486 2084 536 2124 ab
561 2083 692 2125 altero
718 2084 881 2125 veniam
899 2085 1135 2141 postulare,
1162 2086 1258 2140 quia
1284 2101 1365 2127 nou
1387 2103 1477 2129 eru—

101 2150 194 2193 buit
218 2149 407 2191 Christus
432 2149 623 2190 inimicos
641 2149 818 2190 invitare
842 2151 893 2191 ad
914 2164 1083 2206 pacem,
1104 2151 1154 2191 ad
1174 2165 1319 2207 pacem
1349 2154 1406 2207 (4)
1436 2154 1475 2194 in

103 2230 230 2257 cruce
253 2229 452 2256 revocare
473 2230 482 2255 ε
507 2229 592 2255 non
617 2215 841 2256 erubescat
864 2215 1003 2256 facere
1031 2230 1196 2262 servus,
1221 2218 1336 2271 quod
1359 2218 1474 2274 prius

102 2280 201 2323 fecit
221 2280 442 2323 Dominus.
480 2280 592 2321 Deus
618 2288 758 2321 autem
802 2298 817 2317 α
845 2280 929 2331 Qui
953 2281 1189 2321 inhabitare
1225 2282 1325 2323 facit
1357 2283 1478 2324 unius

104 2365 120 2386 n
134 2346 261 2388 moris
276 2346 316 2387 in
330 2344 492 2393 domo⁶,
507 2346 649 2401 quiest
664 2361 757 2387 vera
771 2361 864 2402 pax,
880 2345 952 2401 qui
970 2346 1256 2402 secitutraque
1276 2363 1405 2389 unum
1417 2348 1427 2368 ⁷
1439 2368 1466 2401 ,n

103 2427 179 2453 nos
202 2412 244 2453 iu
266 2426 363 2452 vera
386 2425 491 2468 pace
508 2426 779 2467 perseverare
803 2411 943 2453 saciat.
975 2411 1122 2453 Amen.

153 2518 297 2552 lMatth.
317 2530 346 2556 v,
366 2520 418 2549 16.
438 2537 476 2541 ——-
497 2516 689 2557 ²Id.xx1u‚
709 2530 763 2557 27.
786 2537 818 2542 -—
845 2516 956 2550 3ll1id.
978 2522 1030 2551 ι’ὶ,
1055 2538 1090 2542 >--
1124 2518 1135 2539 ⁴
1166 2531 1176 2550 1
1208 2523 1281 2551 Cor.
1307 2532 1338 2558 x,
1366 2533 1415 2553 12.
1434 2538 1479 2545 ——

105 2572 118 2595 ⁵
142 2586 151 2604 1
173 2576 269 2606 Joan.
288 2584 334 2616 xv,
357 2585 443 2614 7.‹--
457 2571 471 2594 ⁶
485 2574 566 2606 Ps'zl.
589 2585 686 2618 mvn,
707 2587 736 2613 7.
756 2594 792 2597 -—
810 2573 822 2596 7
839 2575 954 2618 Eplws.
973 2586 1007 2614 ιι,
1027 2582 1075 2612 ι4.

155 2645 200 2689 (ι)
218 2649 310 2677 Deest
327 2658 384 2676 nec
401 2646 434 2677 lu
451 2646 568 2678 cod.--
588 2646 635 2690 (2)
654 2647 733 2679 Cod.
753 2647 978 2679 reitenwit.—
991 2649 1038 2688 (3)
1061 2646 1139 2678 Cod.
1159 2647 1303 2679 homines
1317 2650 1483 2681 videntes.

108 2719 147 2724 -—
166 2698 216 2747 (4)
237 2704 270 2732 lu
287 2703 356 2732 rod,
378 2712 441 2733 nou
463 2702 619 2733 iterantur
632 2713 724 2734 voces
740 2701 786 2733 ad
796 2715 926 2744 pacem.
