1885 3284
301 275 363 329 64
707 287 740 315 s.
788 285 1034 315 Aucusrnvi
1070 284 1270 313 urtseori

305 366 368 401 tas
379 370 466 400 non
481 353 567 413 regi
584 361 818 415 procurata
835 369 849 410 t
865 367 875 395 1
889 351 922 411 2»,
937 349 1010 394 sed
1031 349 1229 411 martyri3
1244 349 1418 394 instruit
1444 348 1592 411 itaque
1608 348 1676 411 (2)

302 425 446 488 ample
473 423 784 484 magnificeque
807 420 1046 465 triclinium
1075 418 1276 465 Juda'icae
1290 420 1426 478 gentis
1445 429 1673 482 tyrannus,

305 506 492 542 netanto
512 496 637 552 (3)...
660 492 804 536 minus
820 488 1143 548 fieretjucunda
1167 489 1433 540 solemnitas,
1455 489 1488 533 si
1504 488 1679 533 divitias

304 583 401 613 suas
425 576 552 628 atque
570 579 676 626 opes
703 561 983 606 detractasset
1016 558 1247 622 publicare
1280 559 1507 604 conviviis.
1538 558 1679 604 Multa

304 648 347 683 et
364 633 679 698 lautasupellex
700 632 984 676 constituitur
1004 630 1047 674 in
1062 640 1261 691 aspectu3
1279 628 1484 692 stupendi
1504 645 1681 692 quoque

305 706 512 772 ponderis
542 704 608 767 (st)
628 713 670 748 et
689 701 862 747 artificii
878 716 975 746 vasa
999 709 1278 762 exponuntur
1299 699 1390 762 (5),
1421 709 1469 744 ut
1486 698 1682 744 Herodes

306 795 349 825 se
368 793 454 823 non
471 775 614 822 solum
642 773 910 819 luxuriosum
940 770 1147 834 proderet
1165 806 1174 821 ,
1212 787 1361 815 verum
1382 780 1424 815 et
1438 769 1682 815 ostenderet

307 850 534 913 copiosum
559 882 569 902 ‚
596 862 675 891 nec
699 843 837 889 solum
869 843 1108 888 amicorum
1131 852 1176 886 et
1197 841 1406 886 clientum
1427 857 1603 886 suorum
1622 839 1684 886 fa—

308 934 420 966 mem
446 918 604 981 opimis
627 916 829 961 eximeret
862 912 1076 958 alimentis
1099 949 1109 967 ,
1137 912 1209 958 sed
1247 912 1513 958 diversarum
1539 927 1683 956 rerum

308 986 645 1053 pulchritudine
674 983 827 1030 oculos
857 983 1063 1038 satiaret3
1092 993 1197 1027 tunc
1233 981 1411 1027 demum
1432 981 1685 1027 convivium

304 1060 586 1124 probaretur,
608 1055 740 1102 ubiet
754 1054 865 1099 cibis
882 1053 1125 1116 expleretur
1147 1067 1324 1115 corpus,
1349 1062 1389 1096 et
1410 1051 1538 1097 variis
1553 1053 1684 1096 mira—

305 1131 418 1178 culis
442 1127 792 1175 recumbentium
813 1136 1063 1188 pasceretur
1081 1124 1279 1169 obtutus.
1318 1123 1455 1182 Igitur
1476 1123 1551 1168 ubi
1569 1123 1685 1168 invi—

311 1202 389 1248 tati
418 1202 663 1264 frequentes
686 1214 764 1261 per
788 1195 938 1240 limina
971 1195 1070 1240 laeta
1089 1194 1359 1240 conveniunt
1381 1193 1508 1239 solito
1537 1205 1683 1239 matu-

311 1273 397 1318 rius
413 1309 423 1326 ,
445 1270 546 1333 quia
573 1280 615 1314 et
638 1267 795 1313 famem
821 1266 1085 1310 metiebatur
1120 1264 1344 1317 diabolus,
1373 1275 1416 1309 et
1439 1264 1685 1310 humanum

309 1342 562 1401 sanguin-em
584 1339 760 1385 sitiebat
781 1375 790 1391 ‚
823 1336 1087 1382 discubuere
1111 1335 1261 1381 cuncti
1280 1371 1290 1390 9
1315 1335 1556 1398 superbum
1571 1345 1612 1379 et
1623 1351 1685 1380 os-

314 1425 427 1460 trum
454 1411 584 1475 pictis
612 1409 833 1473 promitur
859 1407 901 1452 in
938 1406 1079 1451 thoris
1101 1427 1111 1459 3
1148 1405 1396 1451 inferuntur
1412 1421 1522 1450 escae
1543 1404 1687 1450 officio

308 1485 607 1530 ministrorum
628 1517 638 1537 ,
684 1493 844 1524 mensae
885 1477 1078 1540 dapibus
1119 1487 1372 1531 onerantur,
1416 1487 1458 1521 et
1488 1476 1687 1538 quamvis

312 1554 490 1600 nutritae
522 1550 729 1597 omnibus
760 1548 981 1594 elementis
1008 1548 1152 1610 epulae
1173 1562 1263 1592 non
1284 1546 1479 1591 deessent
1498 1583 1508 1601 ,
1537 1545 1685 1591 adhuc

307 1626 453 1688 inopis
474 1620 659 1668 Herodis
679 1618 931 1665 convivium
949 1618 1156 1663 sordebat
1178 1633 1359 1676 egenum
1375 1652 1387 1672 9
1411 1617 1512 1680 quia
1530 1616 1685 1661 crude-

309 1697 408 1743 litas
429 1693 550 1757 quod
571 1692 799 1738 devoraret
814 1699 891 1734 -aut
914 1688 1061 1734 ederet
1080 1705 1167 1732 nou
1188 1688 1400 1733 habebat.

374 1768 458 1813 ΠΙ.
488 1765 613 1810 ἔπεϊ
628 1763 720 1826 ipse
742 1775 811 1806 rex
833 1761 948 1805 inter
970 1759 1135 1823 primos
1152 1758 1238 1804 alto
1255 1768 1389 1803 strato
1407 1757 1683 1813 recumbens,

312 1837 456 1885 feralis
474 1833 723 1899 prolixitate
741 1830 935 1878 convivii
963 1829 1117 1875 cubito
1141 1833 1231 1889 jam
1264 1828 1429 1874 defesso
1454 1865 1464 1882 ,
1512 1829 1686 1891 poculis

310 1908 599 1969 ingurgitatus
618 1902 859 1950 innumeris
881 1937 892 1958 ,
915 1902 961 1947 in
992 1917 1080 1964 quo
1099 1918 1179 1946 nec
1195 1908 1345 1955 mens,
1368 1917 1450 1945 nec
1467 1917 1542 1962 pes
1559 1916 1687 1946 suum

309 1979 504 2026 officium
524 1985 689 2038 gereret
721 1974 755 2019 si
772 1986 1034 2032 consurgere
1057 1971 1275 2018 voluisset.
1308 1971 1473 2016 Omnes
1490 1972 1604 2017 enim
1626 1972 1685 2018 vi-

310 2050 471 2096 dentur
484 2049 596 2094 bene
612 2045 748 2092 sobrii
761 2043 868 2090 dum
887 2043 1172 2096 recumbunt,
1189 2059 1319 2088 venas
1338 2042 1536 2105 corporis
1553 2060 1686 2102 mero,

309 2135 400 2168 non
414 2119 622 2180 sanguine
635 2118 788 2182 plenas
807 2126 1016 2176 gerentes,
1031 2130 1218 2178 quorum
1234 2113 1688 2171 hebetaretursensus,

312 2203 355 2239 et
374 2230 386 2250 ,
409 2191 515 2238 vino
532 2189 675 2236 oculis
692 2187 1038 2252 lacrymantibus
1059 2224 1070 2242 ,
1090 2186 1302 2246 caligaret
1332 2196 1546 2248 aspectus.
1574 2186 1688 2242 Quis

307 2264 426 2310 *enim
445 2271 587 2327 potest
602 2259 781 2307 credere
803 2257 1021 2305 Herodem
1046 2257 1251 2303 honestos
1269 2255 1474 2302 habuisse
1504 2272 1686 2302 consor-

363 2402 414 2447 (ι)
433 2405 470 2432 -Iu
489 2399 561 2432 cod.
579 2409 764 2442 perperam;
784 2397 902 2428 desunt
914 2398 1019 2428 verba
1038 2408 1103 2426 reon
1119 2395 1190 2436 regi
1215 2412 1262 2420 -—
1280 2390 1331 2438 (a)
1347 2393 1430 2426 Coxss
1449 2394 1531 2425 male
1549 2394 1684 2434 instrui,

313 2462 359 2491 ita
377 2458 480 2501 quod,
499 2462 562 2488 ete.
579 2472 627 2480 -—
642 2451 693 2499 (3⁴)
714 2456 811 2485 Deest
832 2452 963 2484 verbum
982 2452 1012 2483 in
1037 2451 1255 2494 manuscripto
1270 2451 1351 2482 forte
1372 2450 1459 2492 ipsis.
1476 2467 1522 2474 -
1538 2447 1588 2495 (4)
1607 2450 1686 2482 Cod.

312 2514 434 2556 stupidi
447 2511 611 2555 ponderis„
628 2526 675 2535 -—
694 2507 748 2555 (5)
775 2508 837 2541 Hic
860 2508 929 2540 sine
950 2509 1074 2540 ratione
1096 2507 1254 2551 repetitur
1267 2507 1300 2539 in
1317 2505 1428 2540 codice
1455 2513 1486 2536 ee
1510 2505 1686 2547 ponderis,

310 2570 398 2619 quod
416 2568 581 2603 evidenter
596 2564 798 2601 amanuensis
815 2573 925 2598 errore
941 2563 1095 2598 abundat.
