1885 3284
94 374 238 407 sElmo
265 375 424 415 val11‚
456 375 501 404 IN
541 374 616 405 DIE
653 375 774 406 PAsc.
819 376 880 414 lv,
921 375 979 406 DE
1017 373 1171 404 RESUR.
1215 373 1324 404 DoM.
1370 361 1460 421 257

95 441 592 499 ibidempermanserint;
611 443 725 498 quod
751 441 782 483 si
813 441 1070 488 ceciderint,
1092 455 1174 481 non
1195 439 1351 482 habent
1368 454 1466 481 mox

96 506 405 549 sublevantem¹
433 522 442 548 τ
468 506 752 564 perfectorum
779 506 905 564 igitur·
932 514 995 548 est
1027 506 1138 547 solus
1165 505 1204 546 in
1239 504 1467 546 solitudine

95 571 296 614 habitare.
327 571 642 628 Congrcgcmur·
662 587 762 629 ergo
782 570 906 613 simul
923 571 962 612 in
985 586 1138 619 unum,
1166 572 1196 611 si
1218 571 1268 612 de
1291 585 1468 612 numero

96 636 383 695 perfectorum
408 652 490 678 non
527 653 695 685 snmus,
731 637 852 678 etsie
887 636 1062 678 viriliter
1093 637 1349 692 praeliemur.
1381 636 1470 677 Una

99 702 210 745 enim
235 704 406 745 candela
430 703 514 745 cito
532 703 628 745 satis
653 703 926 761 extinguitur,
954 703 1026 744 sed
1048 702 1079 743 si
1100 703 1239 743 multae
1264 702 1385 743 simul
1410 703 1468 757 (1)

101 783 288 811 accensae
309 768 464 810 suerint
484 801 493 816 ‚
534 769 586 810 de
622 769 702 810 levi
727 770 785 810 sic
809 769 994 826 extingui
1019 782 1104 809 non
1128 777 1334 824 possunt3
1367 776 1409 809 et
1444 766 1478 808 si

103 849 200 876 oves
224 841 489 891 congregat-'13
507 848 590 875 non
615 834 798 882 suerint,
839 833 1003 875 facilius
1037 833 1262 889 capiuntur
1295 848 1316 873 a
1358 833 1473 889 lupo.

103 900 236 942 Intrat
259 898 452 941 Salvator·
475 908 517 941 ct
535 899 672 941 visitat
689 901 930 948 timorat0s3
954 914 1047 940 nam
1073 899 1208 940 timidi
1227 907 1362 946 erant,
1386 897 1482 955 qula

114 982 128 1002 α
149 964 324 1021 Propter
348 973 508 1006 metum
541 963 842 1006 Judae0mm2„
876 966 996 1006 valde
1033 963 1254 1005 timebant.
1303 963 1486 1021 Oportet

102 1028 230 1087 igitur
258 1043 334 1071 nos
366 1029 406 1070 in
441 1029 606 1070 cunctis
636 1030 773 1071 Deum
812 1030 982 1078 timere,
1009 1030 1106 1086 quia
1131 1029 1308 1086 quisine
1335 1029 1484 1071 timore

102 1106 166 1140 est
183 1130 194 1146 ‚
220 1097 428 1153 numquid
459 1095 681 1153 justificari
705 1097 894 1154 poterit?
924 1098 1004 1139 Per
1027 1098 1224 1139 timorem
1249 1098 1362 1139 enim
1384 1112 1486 1138 con-

101 1164 283 1222 cipimus
308 1172 448 1206 sancta
476 1163 680 1205 desideria
702 1198 712 1212 ‚
755 1164 1009 1221 protulimus
1032 1172 1177 1206 sancta
1201 1164 1380 1221 suspiria
1397 1197 1406 1211 ‚
1444 1170 1486 1203 et

101 1245 250 1288 parere
264 1243 487 1286 possumus
511 1229 620 1270 bona
645 1238 687 1271 et
709 1229 894 1286 perfecta
919 1245 1058 1286 opera.

162 1294 208 1338 V.
246 1295 355 1351 Ergo
372 1327 382 1342 ‚
413 1293 559 1336 fratres
585 1295 666 1336 mei
685 1327 696 1343 ‚
722 1303 890 1337 sanctos
916 1296 1015 1336 istos
1039 1296 1265 1352 Apostolos
1287 1296 1345 1337 sic
1371 1297 1488 1339 timo·

102 1368 242 1410 ratos,
267 1359 326 1402 sic
349 1360 534 1401 reclusos
550 1391 562 1407 ‚
595 1359 653 1401 sic
678 1369 994 1416 perseverantes
1011 1393 1019 1406 ,
1054 1361 1111 1401 sic
1140 1359 1222 1402 fide
1246 1363 1455 1403 ferventes
1476 1395 1485 1409 ,

100 1428 344 1468 studeamus
366 1425 484 1482 sequi
503 1435 544 1467 et
568 1426 736 1468 imitari.
762 1426 874 1469 Nulli
893 1427 978 1482 jam
1002 1435 1217 1474 nostrum,
1241 1429 1291 1468 tle
1309 1436 1485 1474 caetero,

100 1492 287 1534 veritatis
314 1491 490 1533 dubium
514 1492 799 1548 relinquatur,
821 1494 885 1534 vel
903 1492 1150 1549 ignorantia:
1175 1494 1314 1543 locus,
1346 1494 1411 1535 vel
1429 1508 1488 1534 er·-

99 1557 206 1599 roris
229 1572 365 1599 casus,
381 1557 578 1599 Comedit
595 1558 778 1606 etbibit,
805 1558 923 1599 stetit
941 1566 983 1599 et
1007 1558 1273 1606 ambulavit,
1307 1559 1422 1615 loqui
1442 1567 1484 1600 et

99 1623 212 1680 tangi
242 1623 384 1665 voluit.
413 1623 573 1665 Omnes
594 1638 694 1681 orgo
728 1633 916 1665 sanctam
947 1622 1074 1665 fidem
1105 1623 1357 1666 catholicam
1388 1639 1484 1666 con-

99 1688 311 1739 fiteamur,
332 1698 606 1747 agnoscentes
624 1722 633 1737 ‚
660 1692 963 1746 amplectentes
995 1699 1036 1731 et
1066 1690 1337 1732 observantes
1358 1724 1368 1739 ,
1394 1693 1480 1733 cla-

98 1765 259 1798 mantes
287 1771 296 1797 :
323 1773 337 1794 e
351 1757 461 1798 Deus
479 1771 596 1797 meus
614 1765 655 1798 et
677 1756 883 1798 Dominus
902 1772 1020 1798 meus
1043 1758 1084 1798 1»
1101 1771 1226 1812 quem
1245 1756 1387 1799 videre
1405 1773 1481 1800 nos

99 1820 224 1863 saciat
245 1821 336 1872 ille,
360 1821 433 1878 qui
455 1837 531 1879 pro
554 1830 693 1864 nostra
720 1824 854 1865 salute
882 1822 988 1864 mori
1022 1830 1062 1863 et
1085 1837 1306 1879 resurgere
1329 1824 1479 1881 digna-

101 1894 166 1928 tus
187 1895 262 1928 est.
291 1886 441 1928 Amen.

147 2000 157 2020 ¹
178 1998 281 2030 Eccle.
298 2008 342 2035 w,
362 2008 470 2030 10.-—-
486 1995 502 2018 ²
517 1999 615 2032 Joan.
631 2008 683 2037 xx,
708 2009 761 2039 ¹9·

145 2078 195 2124 (x)
208 2079 289 2113 eod.
314 2078 451 2112 insimul.

262 2783 396 2816 cxxxl
425 2767 512 2816 bis.
1257 2789 1268 2817 1
1284 2788 1307 2837 7
