1885 3284
497 306 627 337 uun
665 308 720 337 nx
762 307 910 338 ruem
947 308 1186 340 via-ionum.
1446 298 1531 358 ¹49

156 384 272 433 terga
314 372 581 419 vertentibus
616 389 667 418 ac
712 373 1108 420 succumbentibus
1147 374 1234 420 suis
1276 375 1532 422 adversariis

154 444 425 507 praevalebit.
469 443 639 489 Idcirco
662 461 820 508 nempe
838 443 1069 490 insidiator
1093 445 1272 508 spiritus
1298 456 1440 492 totum
1471 447 1528 493 fel

153 532 243 561 suae
260 515 467 578 nequitiae
485 515 601 561 circa
621 516 806 561 novitios
831 516 1018 570 evomit;
1047 516 1144 561 ideo
1166 533 1293 562 omne
1315 518 1433 564 virus
1457 536 1528 563 ar-

154 586 353 632 tifieiosae
388 597 430 631 et
469 585 736 649 deceptoriae
768 585 1019 631 calliditatis
1042 585 1226 631 effundit
1247 624 1258 642 ,
1296 587 1398 651 quia
1435 605 1522 633 non

152 657 350 716 ignorat,
372 656 578 721 quoniam
601 656 634 701 si
662 667 765 702 tunc
786 656 976 702 officium
1002 657 1191 720 perversi
1216 662 1397 703 conatus
1420 658 1529 703 ami-

152 727 276 782 serit,
303 728 679 791 opportunitatem
699 726 889 772 laedendi
912 727 1194 790 postmodum
1214 745 1301 773 non
1322 728 1522 775 habebit.

154 799 248 844 Imo
277 799 352 862 qui
373 798 657 862 supplantare
677 815 761 844 non
781 800 927 862 potuit
947 837 958 855 ‚
982 800 1122 845 ruinae
1134 799 1417 863 postmodum
1440 810 1530 845 tur-

153 869 266 931 piter
289 869 571 928 subjacebit,
600 879 642 914 et
670 868 747 932 qui
773 869 870 914 rudi
904 886 991 915 non
1026 869 1265 933 praevalet,
1294 870 1528 916 exercitato

151 941 427 987 succumbet.

217 1012 275 1057 ll.
319 1011 578 1057 Notandum
606 1022 749 1056 autem
769 1048 780 1069 ,
807 1012 911 1076 quia
941 1030 1041 1058 cum
1063 1013 1267 1059 omnibus
1289 1012 1345 1058 ad
1365 1023 1528 1058 aeterna

151 1083 455 1128 festinantibus
474 1083 684 1128 universae
704 1082 882 1128 virtutes
905 1083 1038 1128 animi
1056 1083 1142 1128 sint
1162 1082 1380 1129 habendae
1397 1120 1408 1139 ,
1429 1082 1528 1128 soli-

153 1153 272 1198 tariae
292 1152 395 1198 vitae
413 1153 640 1216 proposito
662 1153 741 1198 tria
768 1164 868 1198 sunt
890 1190 900 1208 ,
925 1170 973 1198 ex
993 1154 1162 1199 caeteris
1183 1153 1385 1200 videlicet
1406 1170 1530 1217 prae-

151 1223 280 1286 cipue
314 1240 506 1284 congrua
523 1261 532 1277 ‚
557 1235 598 1269 et
635 1223 855 1287 spirituali
891 1241 984 1286 prae
1023 1225 1191 1270 caeteris
1227 1225 1531 1271 observatione

154 1293 339 1339 tenenda
364 1311 374 1339 ε
398 1295 517 1357 quies
539 1294 704 1340 scilicet
724 1332 734 1346 ,
772 1294 988 1340 silentium
1007 1332 1017 1346 ,
1055 1306 1184 1358 atque
1200 1296 1417 1355 jejunium
1441 1295 1525 1358 (ι).

153 1365 320 1409 (Jaetera
347 1363 560 1427 siquidem
588 1365 875 1410 instrumenta
894 1366 1078 1424 justitiae
1096 1367 1139 1411 in
1165 1365 1254 1411 sola
1274 1365 1534 1429 plerumque

151 1435 382 1480 devotione
402 1435 467 1480 vel
487 1435 646 1480 habitu
662 1472 672 1487 ‚
704 1436 798 1480 istae
823 1446 966 1481 autem
986 1437 1030 1481 in
1055 1437 1256 1482 exercitio
1275 1436 1437 1482 debent
1461 1435 1530 1482 fa-

152 1505 308 1551 miliari
327 1505 520 1569 quadam
538 1505 770 1551 sedulitate
791 1506 966 1553 versari.
1005 1506 1130 1552 Sicut
1152 1507 1264 1552 enim
1298 1506 1532 1552 sacerdotis

150 1586 213 1622 est
235 1576 465 1638 proprium
489 1575 713 1621 sacrificiis
731 1576 963 1621 offerendis
981 1577 1188 1632 insistere,
1203 1576 1397 1623 doctoris
1416 1594 1528 1640 prae·

150 1645 323 1701 dicare,
362 1646 418 1690 ita
450 1645 739 1691 nihilominus
757 1646 948 1691 eremitae.
972 1645 1166 1692 officium
1203 1657 1265 1691 est
1294 1647 1338 1692 in
1358 1647 1527 1707 jejunio

150 1716 406 1780 silentioque
430 1717 663 1779 quiescere.
699 1716 825 1761 Unde
851 1733 937 1762 non
954 1716 1111 1762 frustra
1127 1717 1341 1780 repetitur
1365 1718 1420 1763 ab
1447 1736 1527 1763 an-

153 1788 283 1850 tiquis
307 1788 410 1833 vitae
429 1787 563 1846 hujus
580 1786 907 1832 institutoribus
930 1787 1099 1833 dictum
1138 1806 1149 1832 :
1177 1810 1196 1829 «
1220 1787 1330 1834 Sede
1350 1788 1394 1834 in
1420 1788 1528 1834 cella

152 1856 245 1911 tua,
263 1869 304 1903 et
323 1858 458 1903 retine
478 1857 670 1916 linguam
691 1868 732 1901 et
750 1867 963 1913 ventrem,
985 1868 1026 1903 et
1047 1857 1190 1903 salvus
1213 1858 1308 1905 eris.
1333 1882 1353 1899 »
1370 1858 1530 1904 Venter

152 1928 366 1993 siquidem
388 1927 691 1991 reprimendus
712 1939 774 1973 est
793 1964 802 1979 ,
836 1945 889 1973 ne
909 1927 1014 1973 dum
1042 1928 1135 1991 ipse
1156 1928 1441 1975 immoderate
1459 1946 1529 1974 re-

152 1999 298 2063 pletur
321 2000 432 2045 cibis
452 2037 461 2051 ,
483 2009 638 2045 caetera
664 2015 840 2062 quoque
866 1999 1062 2044 membra
1082 1999 1249 2044 inficiat
1266 1999 1395 2046 vitiis.
1426 2000 1527 2045 Lin-

152 2087 234 2130 gua
259 2087 360 2116 vero
384 2069 672 2128 restringitur,
701 2070 805 2132 quia
824 2068 1149 2132 indisciplinate
1166 2069 1305 2115 laxata
1327 2087 1529 2133 supernae

152 2141 303 2200 gratiae
326 2140 471 2199 vigore
488 2139 675 2184 animam
698 2150 869 2197 vacuat,
889 2151 928 2184 et
961 2157 983 2184 a
1010 2149 1124 2184 statu
1144 2139 1352 2186 salutiferi
1371 2141 1531 2201 vigoris

152 2211 659 2256 enervat.Verumtamen
682 2209 783 2254 mod
793 2226 839 2254 us
856 2220 986 2273 atque
1007 2209 1208 2255 discretio
1230 2210 1274 2255 in
1291 2210 1451 2256 talibus
1469 2221 1533 2256 est

154 2280 409 2326 adhibenda
425 2316 435 2336 ,
457 2297 509 2325 ne
528 2279 649 2343 quod
676 2279 972 2326 indifferenter
991 2280 1148 2339 agitur,
1171 2280 1290 2326 velut
1316 2297 1427 2326 onus
1450 2281 1530 2326 im·

153 2350 375 2414 portabile
402 2368 481 2413 per
500 2350 823 2396 intolerantiam
850 2350 1191 2414 pusillanimiter
1207 2350 1469 2414 deponatur.

218 2422 301 2468 Ill.
319 2421 403 2466 Sed
417 2423 528 2467 inter
542 2421 640 2466 haec
656 2421 765 2467 libet
779 2420 832 2467 de
846 2420 1076 2481 singularis
1093 2421 1194 2466 vitae
1212 2422 1375 2467 meritis
1387 2437 1531 2485 pauca

155 2492 463 2555 perstringere,
490 2503 533 2537 et
555 2491 664 2555 quid
685 2491 739 2538 de
774 2502 910 2538 tantae
936 2491 1109 2538 virtutis
1133 2491 1324 2537 culmine
1351 2492 1532 2538 sentiam

207 2612 262 2661 (x)
275 2614 356 2649 Cod.
374 2616 454 2647 male
471 2624 502 2646 ee
520 2624 638 2647 caetera
653 2615 825 2656 siquidem.
