1885 3284
395 281 454 337 46
801 296 833 323 s.
878 293 1121 323 Auers'riui
1160 293 1360 323 EPlsCOPI

391 381 478 410 non
494 371 599 408 esset
623 361 780 406 mirum
801 379 823 405 a
857 360 943 404 Deo
969 369 1134 419 gestum
1151 396 1161 415 ,
1191 359 1309 422 quod
1334 371 1375 405 et
1410 359 1465 404 ab
1491 359 1667 404 homine
1692 359 1759 404 vi-

392 435 580 480 debatur
602 432 816 477 effectum.

458 505 516 549 11.
561 503 615 546 Et
650 501 750 564 quia
788 500 829 544 in
872 500 956 545 hoc
982 499 1143 544 saecuto
1172 510 1375 563 tanquam
1399 501 1442 546 in
1470 500 1613 562 aliquo
1655 501 1762 545 mari

394 573 521 638 positi
546 587 694 617 sumus
716 607 725 619 .
749 570 792 615 in
809 586 895 632 quo
915 570 1064 632 utique
1087 580 1128 613 et
1150 570 1442 632 spiritualium
1469 570 1762 633 nequitiarum

394 644 590 691 turbines
610 642 679 705 (1)
704 641 1004 695 sustineamus,
1037 641 1154 685 omni
1177 641 1469 686 sollicitudine
1493 640 1762 700 naufragium

390 715 678 768 declinantes,
706 723 924 757 teneamus
945 711 1045 756 fidei
1065 722 1222 757 nostrae
1242 711 1377 757 solida
1401 722 1443 757 et
1469 711 1659 757 stabilita
1677 729 1765 756 ves·

393 785 493 846 tigia
517 822 526 840 ‚
558 794 607 828 ut
632 782 845 828 saeculum
863 781 950 827 hoe
967 781 1036 844 (2)
1061 818 1072 838 ‚
1103 782 1223 845 quod
1247 781 1462 828 Dominus
1483 791 1626 827 noster
1648 786 1766 827 Jesus

398 857 598 903 Christus
632 853 791 917 pedum
818 869 994 898 suorum
1015 889 1025 909 ,
1060 852 1147 899 hoc
1176 864 1267 907 est,
1292 853 1503 900 adventus
1522 852 1587 898 sui
1607 853 1765 898 virtute

394 925 581 975 calcavit
603 962 613 980 ‚
656 923 776 969 nulla
800 939 879 969 nos
910 940 955 969 ex
984 934 1109 987 parte
1142 923 1393 987 praecipitet
1425 923 1492 971 vel
1525 922 1758 983 demergat.

394 1002 519 1045 Certe
537 996 570 1041 si
591 995 734 1057 aliqua
760 1009 838 1039 nos
860 993 977 1041 velut
996 994 1240 1054 ingruentia
1264 995 1331 1058 (3)
1358 994 1653 1059 periculorum
1673 1004 1766 1041 ten-

394 1081 481 1116 tare
508 1066 691 1131 coeperit
715 1102 725 1121 ‚
753 1064 948 1128 exemplo
974 1065 1282 1128 Apostolorum
1311 1065 1547 1112 clamemus
1582 1064 1636 1111 ad
1672 1066 1766 1110 Do-

395 1141 561 1187 minum
587 1175 597 1195 ,
622 1137 818 1183 dieentes
840 1153 852 1180 ε
876 1136 1098 1180 «Domine
1118 1173 1128 1191 ‚
1149 1135 1287 1181 libera
1307 1153 1384 1181 nos
1401 1173 1411 1191 ,
1438 1135 1541 1199 quia
1569 1135 1636 1198 (4)
1656 1137 1769 1198 peri-

393 1234 412 1253 »
428 1229 468 1256 m
477 1208 557 1256 us1,
569 1231 588 1249 »
609 1207 762 1252 Melius
779 1205 892 1251 enim
907 1205 1102 1251 estnobis
1114 1206 1432 1270 interpellando
1448 1206 1684 1252 Dominum
1699 1206 1764 1268 (5)

393 1279 567 1328 liberari
589 1316 598 1334 ‚
626 1294 756 1341 quam
793 1275 1108 1321 dissimulando
1143 1287 1184 1321 et
1202 1294 1290 1322 non
1326 1276 1493 1322 orando
1522 1276 1765 1340 periculum

391 1351 540 1398 mortis
557 1350 792 1395 incurrere.
819 1345 905 1392 Sed
928 1356 974 1392 ut
999 1346 1054 1392 ad
1075 1357 1223 1410 coepta
1241 1346 1468 1393 redeamus
1487 1385 1497 1404 ‚
1525 1347 1765 1410 plurimum

394 1440 493 1484 ergo
521 1421 603 1466 sibi
622 1419 815 1464 humana
847 1417 1072 1480 usurpatio
1110 1417 1298 1462 licentiae
1323 1417 1476 1473 daret,
1506 1418 1539 1463 si
1563 1417 1765 1464 virtutem

394 1511 493 1540 cum
520 1497 610 1538 tivo
644 1489 845 1552 coepisset
864 1488 1027 1534 habere
1047 1505 1341 1535 communem.
1372 1488 1543 1535 Idcirco
1566 1505 1666 1548 ergo
1686 1489 1768 1534 Pe-

393 1575 484 1610 trus
498 1560 718 1624 apostolus
737 1560 850 1604 visus
870 1570 932 1604 est
950 1559 1204 1604 hominibus
1228 1559 1271 1604 in
1298 1559 1508 1605 fluctibus
1531 1559 1766 1614 dubitasse,

397 1646 444 1681 ut
468 1634 674 1679 sciremus
708 1629 819 1674 niliil
848 1628 1041 1675 dandum
1065 1646 1150 1674 esse
1174 1641 1322 1675 nostro
1348 1630 1491 1685 actui,
1517 1629 1589 1675 sed
1627 1641 1764 1676 totum

393 1703 513 1768 quod
534 1712 647 1748 recte
674 1700 861 1760 gerimus
884 1699 1046 1745 divinae
1064 1700 1369 1745 ascribendum
1387 1716 1471 1746 esse
1488 1699 1655 1747 virtuti.

462 1775 523 1819 tll
537 1811 546 1819 .
589 1775 643 1818 lit
660 1771 763 1834 quia
786 1770 966 1830 dignum
996 1770 1060 1832 (6)
1081 1781 1123 1816 et
1141 1787 1381 1830 congruum
1402 1781 1464 1815 est
1482 1807 1493 1826 ,
1520 1769 1670 1816 fratres
1689 1807 1699 1827 ‚
1719 1781 1767 1816 ut

395 1844 552 1907 gaudia
581 1853 723 1888 nostra
752 1858 853 1886 cum
886 1842 1045 1885 sanctis
1073 1840 1293 1904 Apostolis
1317 1840 1590 1887 conferamus
1608 1878 1618 1897 ,
1638 1851 1680 1886 et
1698 1841 1767 1886 his

395 1916 700 1963 annuntiemus
721 1913 964 1958 Dominicae
986 1912 1308 1957 resurrectionis
1328 1912 1506 1972 gloriam
1524 1949 1533 1968 ,
1556 1912 1632 1975 qui
1656 1928 1766 1957 con-

394 1999 527 2035 sortes
548 1996 649 2032 sunt
675 1983 916 2030 Dominicae
941 1983 1164 2046 passionis.
1183 1984 1293 2029 Nam
1310 1983 1402 2046 ipse
1421 2000 1548 2047 quem
1565 2000 1638 2029 vas
1653 1982 1765 2028 elec-

401 2058 528 2105 tionis
556 2074 644 2103 suae
673 2072 759 2101 esse
777 2054 980 2114 dignatus
996 2064 1083 2108 est,
1108 2063 1148 2099 et
1172 2053 1311 2099 voluit
1335 2054 1588 2114 magistrum
1609 2053 1762 2099 Genti-

398 2131 480 2176 bus
504 2128 568 2191 (7)
596 2127 700 2173 dare
718 2163 728 2180 ‚
757 2143 843 2170 uon
861 2125 998 2171 solum
1025 2124 1217 2170 fidelium
1241 2124 1407 2171 animas
1425 2143 1444 2170 a
1466 2125 1638 2188 pietatis
1655 2141 1765 2188 pro-

399 2201 540 2265 posito
558 2197 777 2244 revocavit
800 2233 810 2252 ‚
833 2195 905 2241 sed
928 2196 1054 2242 etiam
1082 2195 1273 2241 nolentes
1290 2214 1311 2241 a
1336 2196 1512 2242 Christo
1526 2195 1762 2251 discedere,

441 2328 449 2349 ¹
471 2325 589 2359 Mauh.
613 2336 683 2367 uxrv
706 2326 760 2357 25.

444 2410 489 2453 (1)
513 2408 592 2441 Cod.
614 2419 663 2438 cix
682 2404 930 2436 tatbidinem.—-
951 2400 1004 2448 (⁴2)
1026 2403 1075 2434 Sic
1096 2402 1166 2435 cod.
1186 2415 1308 2441 crimin
1328 2403 1397 2435 rod.
1413 2415 1461 2436 (xix
1476 2405 1579 2435 salum
1594 2405 1663 2443 hoc,
1678 2404 1761 2447 quod

395 2465 575 2510 etquodam
593 2462 689 2495 modo
709 2460 832 2492 admitti
851 2465 952 2499 posset
968 2470 1006 2491 ex
1029 2460 1131 2491 Cicer.
1147 2471 1204 2502 pro
1221 2460 1345 2491 Cast-ina
1359 2471 1429 2502 cap.
1450 2462 1552 2491 3o.—
1566 2458 1617 2504 (3)
1632 2461 1681 2492 Sir.
1693 2461 1761 2492 eod.

393 2535 460 2562 cix;
483 2521 556 2556 cod.
574 2530 678 2551 (txmn
693 2517 908 2560 ingruentium
936 2534 981 2540 —
1017 2516 1047 2558 122
1074 2517 1122 2546 Sic
1142 2517 1212 2547 coti,
1230 2527 1348 2553 cx1⁴1113
1364 2516 1435 2546 eod.
1460 2527 1508 2547 Clx
1525 2516 1759 2557 peribimus.—

395 2581 445 2628 (5)
467 2579 516 2612 sic
534 2577 608 2611 cod,
636 2586 755 2612 οηιιις
777 2573 835 2606 rod
868 2584 917 2604 mx
933 2584 951 2602 a
969 2572 1122 2604 Domino.
1140 2590 1185 2596 —-
1207 2569 1256 2616 (6)
1276 2575 1350 2604 Haee
1375 2578 1403 2603 et
1425 2571 1588 2614 sequentia
1607 2583 1705 2615 nsque
1723 2572 1760 2604 ad

395 2635 655 2682 glorificationem
676 2642 737 2663 non
763 2632 909 2670 teguntur
930 2629 960 2660 in
976 2628 1046 2660 cod.
1065 2639 1174 2659 (exim.
1191 2646 1236 2651 -
1255 2625 1300 2672 '7)
1318 2627 1385 2659 cod
1422 2629 1582 2660 Gentium.
