1868 3301
148 281 291 312 sna-,uo
330 279 445 318 mv,
489 280 532 309 m
571 279 724 308 NA‘rAm
765 280 797 308 s.
840 279 1030 309 sommis
1068 280 1289 312 BAPTISTAE
1327 282 1376 312 11.
1421 266 1512 321 345

147 359 245 388 eum
262 361 272 393 ;
292 344 411 386 etsie
433 343 642 385 occiditur
668 344 817 385 veritas
832 377 841 391 ‚
865 344 923 385 sie
946 345 1178 387 destruitur
1193 346 1300 394 Lex,
1330 345 1388 386 sic
1412 359 1516 386 con-

151 411 342 452 culcatur
358 408 532 463 justitia,
558 411 675 456 dum,
700 410 750 450 ad
774 410 1032 450 voluntatem
1056 410 1290 452 meretricis
1313 411 1514 457 saltantis,

149 476 328 517 Joannes
354 474 587 516 decollatur
614 474 655 515 in
685 488 869 515 carcere.
889 474 926 516 Ο
941 489 1064 530 quam
1082 490 1279 532 magnum
1300 484 1519 532 spectacu-

150 540 259 583 lum!
282 554 442 595 oquam
466 554 661 596 magnum
681 540 898 580 damnum!
922 554 946 580 o
965 555 1249 596 quarnmagna
1266 540 1491 583 crudelitas
1506 572 1514 586 ‚

149 605 358 648 Joannem
392 604 586 647 occidere
619 614 660 646 et
699 606 908 646 decollare
945 605 985 645 in
1019 607 1214 646 carcere!
1252 620 1275 647 o
1305 604 1517 652 Herodes,

151 669 364 727 quomodo
385 670 444 711 sic
466 684 634 711 sensum
657 669 906 726 perdidisti?
930 669 1157 720 Quomodo
1180 670 1354 711 consilio
1384 684 1521 710 mere·

154 735 267 778 tricis
297 734 541 776 credidisti?
574 734 790 791 'Numquid
822 749 905 776 non
941 735 998 790 (ι)
1034 735 1158 792 paulo
1186 743 1282 775 ante
1315 733 1522 774 Joannem

152 800 396 847 metuebas,
422 807 464 840 et
485 814 582 840 eum
603 800 782 841 libenter
807 799 1026 847 audiebas,
1052 800 1227 841 credens
1254 798 1389 854 ipsum
1409 813 1524 839 sanc-

154 877 245 910 tum
271 874 314 907 et
341 865 500 920 justum
527 879 616 905 esse
629 866 646 904 2³
668 864 894 915 Quomodo
923 865 1052 906 audes
1086 864 1296 906 decollare
1319 862 1522 903 christum

153 929 351 977 Domini?
370 929 448 971 Ubi
463 928 745 986 formaLegis,
765 930 845 971 nisi
863 930 903 971 in
919 929 1117 972 JoanneP
1144 929 1216 971 ubi
1233 928 1325 986 jura
1345 937 1521 975 naturae,

153 998 233 1041 nisi
255 998 296 1038 in
317 994 511 1038 Joanne?
529 995 744 1051 Numquid
765 1011 849 1037 non
870 995 1157 1038 sanctificatus
1172 1029 1182 1044 ,
1203 1004 1429 1050 antequam
1452 1009 1542 1040 na-‚

156 1062 258 1105 tus?
289 1060 496 1117 numquid
527 1075 611 1101 non
640 1075 739 1102 eum
768 1060 1078 1102 sanctissimum
1109 1059 1375 1117 praedicasti?
1406 1073 1526 1100 num-

154 1129 256 1187 quid
274 1142 404 1185 genus
424 1127 515 1183 ejus
537 1126 731 1183 ignoras?
758 1127 966 1183 numquid
987 1142 1072 1168 non
1095 1142 1192 1168 eum
1213 1141 1360 1168 omnes
1381 1124 1525 1166 formi-

156 1194 296 1237 dant?
331 1191 536 1248 numquid
568 1206 652 1234 non
685 1193 889 1233 dracones
922 1200 963 1233 et
998 1192 1159 1248 aspides
1192 1206 1335 1233 coram
1366 1190 1528 1232 Joanne

156 1258 384 1301 formidant
405 1257 446 1298 in
471 1258 636 1299 deserto
653 1291 662 1305 ‚
688 1266 874 1299 tremunt
896 1267 938 1298 et
958 1256 1284 1299 mansuescunt?
1301 1257 1353 1298 Et
1370 1264 1414 1297 tu
1431 1270 1527 1296 oum

157 1323 354 1366 occidere
378 1321 524 1379 cupis?
541 1323 703 1379 Cogita,
717 1322 869 1379 cogita,
890 1337 914 1364 o
936 1323 1142 1371 Herodes,
1159 1332 1385 1378 antequam
1405 1321 1529 1362 Joan-

157 1403 256 1431 nem
278 1388 463 1436 occidas,
484 1388 620 1443 cogita
639 1388 741 1444 quid
755 1388 865 1429 Deus
888 1387 1034 1429 fecerit
1049 1387 1212 1430 Sanctis
1236 1387 1333 1428 suis.
1363 1386 1523 1442 Cogita,

161 1462 385 1510 antequam
406 1453 556 1501 facias,
581 1454 677 1509 quia
704 1462 796 1509 post
820 1453 975 1495 sactum
1002 1453 1177 1494 consilio
1199 1468 1282 1494 non
1306 1451 1524 1508 indigebis.

160 1519 304 1576 Cogita
330 1528 372 1560 et
389 1519 644 1560 voluntatem
665 1526 780 1560 tuam
804 1533 973 1575 pravam
1001 1519 1221 1559 conculca.
1256 1517 1400 1573 Cogita
1424 1530 1529 1572 quo-

162 1586 286 1627 modo
324 1584 473 1626 Daniel
500 1584 608 1625 inter
636 1583 777 1625 leones
812 1598 895 1625 non
922 1583 1199 1624 conculcatur
1231 1583 1282 1624 ab
1309 1582 1392 1628 eis;
1423 1596 1530 1637 quo-

163 1652 288 1692 modo
311 1648 439 1691 Jonas
463 1649 504 1690 in
529 1659 671 1691 ventre
692 1649 816 1705 piscis
836 1657 1109 1690 conservatur
1128 1649 1299 1695 illaesus3
1320 1648 1530 1703 quomodo

165 1716 340 1758 Samson
363 1731 385 1756 a
405 1715 537 1756 Dalila
559 1729 642 1756 non
669 1715 892 1763 occiditur,
918 1723 964 1757 ut
989 1715 1183 1763 affectam
1222 1714 1372 1756 timens
1409 1727 1532 1754 sanc-

164 1790 253 1823 tum
277 1781 497 1828 occidere,
522 1780 701 1821 inimicis
728 1796 823 1821 eum
858 1780 1039 1822 tradidit.
1079 1780 1244 1835 Cogita,
1277 1780 1390 1835 quod
1418 1792 1534 1819 sanc-

165 1856 254 1889 tum
285 1855 327 1887 et
348 1845 506 1901 justum
536 1845 731 1887 occidere
754 1846 928 1902 quaeris;
953 1846 1068 1902 quod
1103 1844 1334 1901 impunitus
1355 1859 1439 1885 non
1464 1843 1533 1884 diu

165 1911 416 1954 remanebis.
445 1910 528 1952 Sed
549 1911 638 1952 haec
661 1911 800 1952 omnia
824 1912 1009 1953 Herodes
1035 1925 1118 1952 non
1149 1909 1417 1952 consideras?
1437 1910 1533 1951 Ine-

167 1978 328 2020 briatus
351 1976 466 2019 rabie
488 1976 744 2025 meretricis,
768 1977 959 2034 praecipis
979 1976 1186 2034 amputari
1210 1985 1336 2034 caput
1361 1974 1534 2018 <Ioannis

168 2058 209 2085 m
231 2056 416 2084 carcere.

226 2106 274 2149 V.
311 2107 348 2149 Ο
371 2107 512 2149 infelix
534 2107 700 2158 mulier,
725 2107 920 2150 vitiorum
946 2115 1096 2155 mater,
1124 2116 1166 2150 et
1187 2106 1354 2164 regina!
1385 2121 1409 2147 o
1448 2121 1536 2146 mu-

169 2171 261 2222 lier,
297 2173 410 2229 pacis
437 2173 694 2230 dissipatrix,
719 2174 842 2232 plena
867 2189 1026 2215 veneno
1051 2173 1293 2215 mortifero!
1328 2188 1351 2213 o
1375 2170 1536 2212 concha

168 2237 419 2295 putredinis,
438 2247 480 2280 et
495 2239 669 2280 luxuriae
687 2240 861 2282 domus!
896 2255 919 2281 o
940 2239 1065 2281 chaos
1084 2238 1234 2280 inferni
1251 2246 1292 2279 et
1307 2236 1538 2279 insatiabile

172 2303 344 2345 animal!
367 2318 392 2344 o
415 2303 586 2345 inimica
610 2305 835 2347 virtutum!
860 2305 939 2347 Per
956 2315 995 2347 te
1014 2305 1157 2347 Sancti
1176 2304 1303 2346 occisi
1321 2312 1440 2351 sunt,
1465 2316 1537 2359 per

172 2378 215 2411 te
237 2368 424 2412 civitates
456 2370 686 2412 combustae
716 2378 758 2412 et
789 2373 1012 2413 destructae
1035 2379 1155 2419 sunt,
1180 2385 1255 2427 per
1277 2380 1318 2412 te
1340 2370 1422 2411 vita
1449 2384 1539 2426 per·

175 2433 258 2476 dita
282 2443 370 2484 est,
400 2449 473 2491 per
490 2443 530 2477 te
550 2450 662 2478 mors
685 2436 852 2478 inventa
876 2445 962 2485 est,
1000 2452 1074 2493 per
1101 2445 1141 2478 te
1167 2437 1275 2478 bella
1299 2435 1406 2477 fiunt
1425 2468 1435 2484 ‚
1466 2450 1541 2491 per

175 2508 216 2542 te
237 2500 444 2558 sapientes
465 2503 698 2558 perduntur
717 2501 776 2560 (2)
796 2519 807 2550 3
833 2518 908 2560 per
929 2511 969 2544 te
991 2502 1174 2559 pulchri,
1200 2511 1366 2559 turpes3
1387 2516 1462 2559 per
1480 2508 1540 2550 te,

224 2601 275 2646 (1)
291 2605 387 2635 Deest
405 2616 468 2635 non
486 2604 517 2636 in
532 2605 616 2643 cod„
635 2611 665 2636 et
683 2606 726 2638 sic
744 2605 906 2650 deinceps,
933 2625 967 2630 --
986 2605 1038 2649 (a)
1055 2606 1133 2639 Cod.
1156 2606 1236 2638 male
1247 2606 1398 2647 perdunt.
