1868 3301
337 251 432 308 504
596 265 632 295 s.
676 262 921 294 mensum
955 261 1162 294 nmscom
1198 261 1437 294 APPENDIX.

343 332 524 389 aliquam
545 330 781 373 molestiam
803 330 956 388 pateris
978 330 1028 370 ab
1051 328 1212 386 aliquo,
1238 329 1374 371 sinon
1396 336 1517 387 potes
1539 343 1591 371 ex
1610 336 1703 372 toto

340 399 467 441 corde
486 397 721 444 dimittere,
747 397 873 438 credo
892 396 1005 452 qnod
1030 395 1105 436 ista
1123 428 1133 443 ‚
1159 410 1249 451 quae
1271 410 1418 445 narro,
1441 395 1473 437 si
1497 394 1709 438 subtiliter

342 464 527 520 cogitare
544 462 724 504 volueris
740 495 750 511 ,
774 477 825 504 ex
855 471 939 504 tota
962 470 1104 503 mente
1136 461 1258 502 facile
1296 462 1506 503 dimittere
1530 460 1701 518 poteris.

337 529 436 571 Haec
459 528 571 570 enim
594 528 837 570 meditando
864 535 906 568 et
929 536 1071 568 niente
1106 525 1400 578 discutiendo,
1426 526 1583 583 poteris
1601 526 1707 568 iram

335 595 527 641 vincere,
555 595 712 651 poteris
728 608 874 635 omncs
896 593 1067 650 diligere
1089 625 1098 640 ,
1128 593 1285 649 poteris
1317 594 1458 634 omnia
1493 592 1569 634 Dei
1598 606 1706 649 prae-

337 669 456 718 cepta
481 660 778 702 incunctanter
796 659 1041 715 adimplere,
1068 659 1139 715 qui
1156 659 1257 701 dicit
1278 676 1287 700 :
1305 677 1320 697 a
1335 657 1708 716 Diligiteinimicos

333 743 347 763 r»
364 734 522 766 vestros
537 756 548 774 ‚
569 725 803 767 benefacite
826 724 891 765 his
912 724 984 781 qui
1006 725 1190 766 oderunt
1206 739 1298 773 vos,
1321 733 1364 766 et
1384 732 1500 765 orate
1520 738 1595 781 pro
1614 737 1709 780 per·

333 790 637 846 »sequentibus
661 798 702 831 et
735 789 1089 831 calumniantibus
1114 788 1257 830 ηδ’.»
1302 788 1344 830 Si
1376 789 1453 830 tibi
1491 786 1708 830 advenerit

340 856 533 912 voluptas
553 855 752 912 vagandi,
778 857 919 896 recole
935 855 1048 911 quod
1065 854 1151 911 jam
1164 862 1331 896 mortua
1345 870 1388 896 es
1403 868 1500 896 cum
1521 853 1706 895 Christo.

339 920 554 977 Numquid
570 920 731 962 homini
753 920 955 963 crucifixo
976 921 1089 962 venit
1110 922 1302 977 voluptas
1334 919 1513 977 vagandi
1531 918 1550 960 P
1579 917 1702 966 Non3

332 987 429 1043 quia
452 988 559 1029 nihil
580 987 736 1042 cogitat
751 986 822 1043 qui
840 988 892 1029 ad
913 995 1095 1028 mortem
1113 987 1272 1035 tendit,
1300 986 1377 1028 nisi
1395 988 1448 1028 de
1460 992 1597 1027 morte
1613 998 1702 1026 sua.

327 1052 380 1094 Et
404 1061 449 1094 tu
470 1053 554 1108 jam
575 1061 743 1094 mortua
769 1067 812 1094 es
829 1053 928 1095 huic
954 1054 1132 1095 mundo.
1157 1053 1260 1096 Vide
1286 1061 1402 1094 netu
1430 1051 1512 1100 illi,
1545 1058 1615 1092 aut
1636 1049 1705 1093 ille

328 1117 404 1159 tibi
429 1118 666 1160 resuscitet.
689 1117 766 1159 Dic
782 1119 922 1177 potius
943 1134 1040 1162 cum
1059 1120 1247 1176 apostolo
1270 1119 1420 1161 Paulo:
1440 1115 1564 1158 «Mihi
1581 1129 1706 1157 mun-

325 1200 338 1220 »
355 1184 433 1224 dus
456 1182 683 1225 crucifixus
704 1192 792 1232 est,
815 1193 857 1226 et
877 1198 955 1241 ego
982 1183 1187 1226 mundo².
1211 1184 1339 1226 »Haec
1361 1198 1459 1225 vero
1479 1180 1704 1238 cogitando

326 1248 589 1305 vagationem
613 1249 765 1290 mentis
786 1249 955 1291 vincere
975 1250 1142 1306 poteris⁶
1164 1249 1273 1292 Audi
1292 1249 1393 1305 quid
1413 1247 1501 1304 ipse
1521 1246 1706 1303 Aposto-

326 1314 391 1356 lus
415 1316 468 1356 de
500 1329 638 1371 pugna
666 1314 863 1356 vitiorum
883 1317 1078 1357 adversus
1096 1316 1270 1357 virtutes
1294 1315 1406 1356 dicat
1428 1314 1493 1355 vel
1512 1314 1664 1354 doceat
1691 1323 1702 1352 :

337 1397 352 1415 α
373 1379 415 1420 Si
440 1388 580 1422 autem
602 1380 751 1437 spiritu
776 1381 885 1423 facta
904 1381 1042 1424 carnis
1066 1380 1421 1424 mortificaveritis
1436 1412 1446 1427 ,
1472 1375 1661 1420 vivetis⁸.
1677 1393 1693 1415 n

323 1445 386 1488 Tu
401 1454 541 1488 autem
563 1446 596 1487 si
619 1447 679 1487 vis
698 1447 838 1488 vivere
861 1462 958 1489 cum
985 1447 1153 1489 Christo
1169 1479 1178 1495 ,
1203 1444 1412 1488 mortifica
1430 1459 1505 1502 per
1529 1443 1704 1485 virtutes

323 1513 463 1553 omnia
481 1513 592 1554 vitia.
625 1513 704 1554 Per
736 1513 985 1554 charitatem
1009 1512 1218 1555 mortifica
1241 1512 1479 1557 avaritiam,
1508 1524 1585 1567 per
1606 1522 1705 1565 gau-

323 1577 439 1619 dium
463 1578 675 1620 tristitiam
693 1610 703 1626 ,
732 1593 804 1634 per·
826 1593 974 1635 pacem
999 1579 1197 1635 extingue
1221 1577 1477 1619 discordiam
1493 1608 1503 1623 ,
1535 1589 1611 1631 per
1631 1587 1704 1629 pa-

323 1643 513 1686 tientiam
536 1643 746 1686 mortifica
768 1644 1007 1700 superbiam
1024 1677 1033 1691 ‚
1058 1659 1135 1701 per
1154 1644 1388 1685 bonitatem
1412 1641 1560 1683 occide
1581 1638 1702 1680 mali-

322 1709 421 1751 tiam
435 1744 446 1759 ,
475 1725 550 1767 per
570 1710 942 1752 mansuetudinem
966 1710 1163 1766 extingue
1184 1709 1449 1752 ferocitatem
1463 1738 1474 1755 ,
1500 1720 1576 1763 per
1596 1718 1703 1746 con-

321 1775 543 1818 tinentiam
570 1775 780 1817 mortifica
804 1775 1190 1833 intemperantiam,
1207 1790 1283 1832 per
1297 1772 1534 1816 castitatem
1554 1769 1703 1812 occide

321 1840 645 1899 impudicitiam.
676 1840 718 1883 Si
737 1840 836 1882 istos
859 1849 976 1883 actus
999 1840 1137 1882 carnis
1155 1837 1496 1885 mortificaveris,
1520 1835 1610 1878 sine
1626 1834 1701 1877 du-

321 1906 393 1950 bio
416 1907 592 1965 perenni
614 1906 758 1951 laetitia
775 1921 873 1949 cum
896 1906 1069 1963 Angelis
1087 1905 1129 1947 in
1146 1904 1263 1948 coelis
1289 1903 1451 1946 frueris.

857 2216 1036 2261 CAPUT
1065 2216 1161 2261 XII.

678 2336 742 2377 De
753 2334 895 2377 Studio
915 2333 1078 2393 legendi
1089 2334 1338 2391 Scripturas.

375 2465 466 2509 Nom
488 2465 610 2508 estin
630 2465 696 2508 his
719 2466 791 2509 diu
814 2465 1069 2508 morandum
1084 2497 1094 2514 ,
1120 2463 1217 2520 quia
1238 2459 1478 2505 transmitto
1503 2457 1692 2503 Charita-

316 2540 402 2575 tem
426 2539 541 2574 tuam
558 2532 611 2574 ad
631 2531 883 2575 latissimum
896 2544 1095 2588 campum
1112 2529 1348 2571 divinarum
1359 2525 1688 2584 seripturarum,

361 2637 371 2659 ¹
391 2634 509 2669 Matth.
526 2645 556 2674 v,
577 2641 632 2672 24.
651 2653 694 2660 —
707 2633 724 2658 2
736 2635 842 2670 Galat.
858 2645 903 2677 vx,
920 2641 973 2673 14.
988 2651 1035 2659 -
1047 2630 1063 2657 3
1080 2636 1176 2666 Rom.
1194 2644 1266 2675 vm,
1285 2634 1336 2665 13.
