1885 3284
373 287 518 319 SERMO
554 287 645 327 LIX,
686 287 741 317 DE
774 285 1053 317 PENTECOSTE
1091 286 1152 329 tv,
1195 286 1289 316 ETC.
1433 272 1524 336 317

145 355 205 398 dit
227 363 374 412 potum
399 369 449 396 ex
466 354 524 395 eis
543 352 639 395 siliis
662 354 805 402 Israe'l,
832 362 874 394 et
898 361 1009 393 stans
1037 351 1091 392 ait
1114 367 1154 392 :n
1175 350 1218 392 Si
1242 351 1334 407 quis
1358 352 1530 396 Domini

144 430 258 469 nest,
284 422 494 462 adhaereat
514 420 656 461 mihi’.
674 440 688 457 »
728 419 1060 461 Etadhaeserunt
1081 417 1116 458 ei
1144 416 1215 458 [ilii
1234 417 1350 465 Levi,
1378 419 1531 474 quibus

143 487 198 528 ait
224 486 407 528 :«P0nat
429 485 492 526 vir
513 484 698 540 gladium
724 501 845 525 suum
865 498 989 540 super
1006 483 1142 524 femur
1165 497 1286 523 suum
1304 515 1313 529 ,
1339 491 1379 522 et
1400 483 1527 539 ite(1)

140 567 243 609 »per
267 551 457 593 medium
483 559 721 592 castrorum
744 583 753 599 ,
783 562 824 592 ct
847 550 1013 591 occidat
1048 548 1334 604 unusquisque
1358 548 1531 592 fratrem

142 632 291 658 »suum
315 625 355 658 et
372 617 608 673 proximum
636 632 757 657 suum
773 615 802 655 ².
822 636 836 654 ι)
853 616 935 666 Qui
953 615 1010 656 sic
1025 615 1232 656 fecerunt.
1263 614 1382 655 Hunc
1406 629 1529 657 sanc-

141 691 231 723 tum
254 682 440 739 Moysen)
465 682 618 723 imitari
642 682 870 729 debemus,
889 681 987 737 quia
1006 679 1167 721 fervore
1190 679 1360 734 justitiae
1379 681 1528 737 plenus

140 756 214 790 est.
245 748 286 788 Si
321 756 468 805 peccat
505 749 707 805 populus,
748 747 1004 804 accipiamus
1035 744 1194 803 gladios
1228 746 1397 787 ultionis
1418 778 1428 793 ‚
1455 746 1527 788 sed

140 813 254 870 prius
279 828 403 869 super
426 813 563 853 femur
587 822 779 854 nostrum
812 827 1042 868 ponamus,
1074 819 1199 866 atque
1229 825 1249 851 a
1269 811 1388 852 nobis
1413 811 1527 868 prius

139 879 346 919 malorum
368 877 589 918 illecebras
609 878 922 919 abscindamus.
947 876 1108 917 Deinde
1132 891 1206 932 per
1229 876 1416 917 medium
1442 892 1529 918 cas-

139 951 302 984 trorum
324 942 384 983 ire
404 943 787 990 debemus;ettunc
804 942 1015 999 pergimus
1034 956 1108 998 per
1127 941 1336 989 medium,
1359 943 1527 997 quando

138 1007 196 1049 sic
218 1006 331 1063 juste
354 1006 595 1063 judicamus
614 1040 622 1054 ,
645 1007 758 1063 quod
783 1022 860 1048 nec
880 1022 1022 1048 amore
1046 1006 1308 1062 stringimur,
1326 1021 1404 1048 nec
1428 1007 1525 1048 odio

138 1073 407 1121 divelti1nur3
439 1073 479 1114 in
504 1073 585 1114 hoc
614 1088 690 1114 nec
728 1073 894 1119 amieo,
927 1087 1001 1113 nec
1026 1073 1219 1128 proximo
1259 1073 1524 1127 parcendum

137 1148 214 1180 est.
252 1138 293 1180 Si
317 1138 409 1195 quis
433 1153 530 1180 vero
554 1154 636 1179 non
677 1138 823 1179 fecerit
845 1138 929 1194 (2),
953 1137 1174 1194 hypocrita
1201 1145 1285 1185 est,
1313 1146 1354 1178 et
1376 1137 1525 1179 Phari-

138 1218 264 1253 saeus,
283 1212 324 1245 et
349 1205 588 1245 destructor
606 1213 760 1245 sanctae
783 1203 915 1260 Legis.
939 1203 1102 1259 Corpus
1122 1202 1239 1243 vituli
1262 1202 1388 1243 etiam
1410 1204 1527 1244 sran-

138 1284 235 1326 gere
263 1270 466 1310 debemus
485 1301 495 1317 ,
522 1278 562 1311 et
590 1271 689 1311 dare
712 1279 861 1327 potum
903 1268 1013 1309 filiis.
1039 1268 1090 1309 Et
1129 1268 1228 1323 quid
1271 1277 1332 1309 est
1371 1283 1526 1325 corpus

139 1334 255 1375 vituli
277 1366 287 1381 ,
308 1334 385 1375 nisi
409 1334 576 1375 zizania}
599 1335 873 1375 seminatores
896 1335 955 1374 vel
974 1333 1336 1389 snperbiaePTales
1351 1335 1524 1374 omnino

140 1399 326 1456 fugiendi
349 1408 447 1441 sunt
469 1433 478 1447 ‚
499 1400 598 1441 etin
621 1401 837 1456 pulverem
862 1399 1108 1439 humilitatis
1143 1399 1358 1454 redigendi
1394 1399 1523 1440 verbo

139 1479 268 1506 sacrae
288 1465 601 1505 admonitionis.

197 1529 242 1572 V.
283 1528 369 1570 Sed
394 1531 520 1570 modo
544 1530 684 1570 dicere
709 1536 906 1586 oportet,
949 1529 1162 1584 quomodo
1201 1528 1402 1584 gratiam,
1438 1529 1524 1570 sive

139 1609 289 1651 genera
328 1594 564 1651 linguarum
608 1593 764 1635 habere
798 1593 1027 1649 poterimus
1051 1609 1060 1639 ;
1099 1593 1193 1634 ideo
1217 1594 1522 1636 attendendum

138 1669 200 1702 est
214 1691 225 1708 ‚
245 1660 276 1700 si
294 1659 401 1701 hanc
419 1661 596 1717 gratiam
614 1659 805 1700 obtinere
822 1659 1029 1700 volumus.
1045 1657 1149 1699 Nam
1163 1659 1202 1698 in
1225 1658 1523 1714 praedicatione

139 1740 220 1767 non
239 1734 302 1766 est
325 1741 491 1782 semper
514 1726 625 1767 idem
646 1725 822 1772 modus3
861 1740 955 1766 cum
991 1723 1262 1778 corrigimus,
1299 1738 1383 1764 non
1409 1724 1520 1766 idem

140 1793 290 1832 modus
308 1799 370 1832 cst
393 1791 628 1832 habendus.
652 1791 754 1832 Aliis
777 1792 887 1831 enim
912 1789 1137 1846 simplicia,
1166 1790 1256 1830 aiiis
1274 1789 1519 1839 mediocria,

140 1856 228 1897 aliis
244 1856 423 1897 maxima
447 1856 709 1912 praedicanda
734 1865 842 1897 sunt.
869 1855 938 1897 Sic
963 1854 1203 1911 ctApostoli
1225 1856 1429 1897 fecerunt.
1453 1855 1523 1898 Sic

138 1922 290 1967 etiam,
322 1923 561 1978 arguendus
595 1931 657 1963 est
686 1923 806 1978 quis,
840 1922 943 1963 alius
979 1923 1146 1970 acriter,
1181 1919 1284 1961 alius
1308 1922 1488 1962 dulciter
1511 1955 1522 1971 ,

140 1986 242 2029 alius
261 1986 413 2027 timore
444 1988 526 2043 (5),
552 1987 657 2029 alius
679 1987 916 2035 blanditiis,
943 1988 1047 2027 alins
1071 1985 1195 2027 minis
1215 2018 1223 2032 ‚
1252 1994 1293 2027 et
1316 1986 1418 2027 alius
1444 1986 1522 2029 sac-

139 2051 190 2094 tis
211 2083 221 2098 ,
241 2060 287 2092 ut
303 2052 471 2109 expedit
493 2054 728 2094 secundnm
754 2062 998 2094 naturarum
1021 2051 1521 2095 conditionem.Gratiam

140 2118 375 2175 linguarum
394 2117 519 2159 habet
542 2119 610 2174 qui
632 2119 856 2161 locutionis
877 2120 1023 2160 modos
1044 2119 1268 2159 observare
1285 2120 1517 2174 cognoscit.

140 2182 262 2239 Digni
284 2198 384 2239 ergo
406 2183 520 2224 eritis
538 2216 548 2231 ,
573 2184 721 2225 fratres
745 2184 996 2231 charissimi,
1021 2184 1204 2224 residere
1230 2183 1269 2223 in
1299 2186 1520 2227 coenaculo

140 2247 359 2295 Ecclesiae,
381 2248 411 2288 si
433 2248 471 2288 in
491 2250 620 2290 corde
650 2250 867 2291 scientiam
891 2284 897 2295 ‚
926 2250 957 2290 si
993 2248 1198 2289 fervorem
1228 2247 1400 2303 justitiae
1421 2264 1519 2292 cum

139 2315 402 2355 moderantia
425 2324 466 2356 et
489 2315 744 2357 dison-ctione
772 2315 1017 2358 habueritis.
1043 2314 1124 2365 Qui
1147 2315 1233 2354 sine
1256 2314 1429 2357 scientia
1444 2332 1521 2373 po-

140 2380 286 2435 pulum
305 2395 447 2436 regere
463 2381 632 2436 quaerst,
659 2396 794 2423 caecus
817 2397 974 2423 caccum
1003 2396 1076 2435 per
1100 2380 1206 2420 viam
1233 2381 1387 2422 ducere
1411 2397 1521 2438 qute-

141 2445 206 2488 rit.
227 2445 470 2502 Cogitemus
495 2462 594 2502 ergo
618 2457 822 2503 quantum
855 2463 984 2494 onus,
1012 2447 1187 2493 fratres»,
1212 2448 1477 2504 suscepimus
1506 2464 1515 2490 :

188 2548 198 2570 ¹
217 2548 318 2580 Exod.
336 2559 444 2587 xxxix,
466 2550 520 2581 26.
540 2568 581 2573 —-
600 2548 714 2584 ²1bid.
736 2561 792 2590 27,
808 2556 840 2582 et
853 2561 943 2594 seqq.

188 2628 236 2673 (ι)Δ
254 2630 333 2662 Cod.
354 2630 410 2662 iro.
427 2647 470 2654 -—-
484 2632 534 2672 (ζα)
549 2631 594 2662 Id.
616 2632 802 2671 confecerit.
818 2650 862 2656 --
884 2634 933 2674 (3)
951 2630 999 2663 Id.
1017 2630 1137 2672 absque
1154 2639 1247 2661 sensu
1266 2631 1416 2662 maxime.
