1868 3301
333 255 477 288 senno
517 255 676 296 Lxxm,
717 256 770 287 DE
806 257 840 287 ε.
882 255 1047 287 nicom
1085 255 1333 287 rom-imon.
1415 238 1506 301 389

138 324 276 367 adhuc
303 337 408 380 puer
428 338 582 372 essem,
607 330 650 364 et
672 322 899 380 penderem
939 324 990 364 ad
1025 324 1154 365 ubera
1189 322 1332 365 matris
1375 337 1478 364 nieae
1495 354 1504 369 ,

137 391 288 433 doctus
324 403 416 430 sum
453 398 601 446 quarta
639 397 680 431 et
717 398 832 431 sexta
867 389 968 431 feria
1005 392 1134 432 semel
1165 396 1329 431 tautum
1363 388 1508 429 bibere

136 468 364 502 mammas3
393 456 506 510 quod
540 469 673 511 usque
709 455 762 496 ad
799 454 925 497 finem
963 455 1223 512 perseveravi
1261 467 1433 494 manens
1465 451 1507 491 in

137 520 405 578 simplicitate
425 521 539 562 velut
568 535 686 576 puer.
714 519 797 561 Sed
831 521 910 562 hoc
945 520 1122 562 infidelis
1148 519 1345 565 audiens,
1368 516 1509 558 ridens

138 584 277 627 dicet:
302 584 515 641 Numquid
556 584 738 626 introibo
776 584 926 626 iterum
951 585 990 626 in
1015 593 1181 626 uterum
1214 583 1356 625 matris
1380 595 1508 629 mere,

137 659 179 692 et:
216 658 337 692 natus
375 652 514 692 denuo
559 650 929 708 superincumbam
973 651 1116 692 matris
1159 649 1391 691 uberibus?
1433 646 1510 689 Cui

140 715 335 758 Nicolaiis
368 716 623 773 respondere
654 723 821 772 potest:
849 716 940 759 Non
975 717 1055 764 ita,
1090 715 1175 764 fili;
1215 713 1392 771 mystica
1416 719 1513 754 sunt

136 797 230 839 quae
257 782 482 830 dicuntum
507 780 650 839 frange
674 782 874 823 duritiam
891 782 1121 833 cordistui‚
1137 790 1178 823 et
1201 780 1385 837 intellige
1407 779 1514 820 litte·

137 862 248 896 ram,
274 855 316 889 et
338 847 520 888 invenies
542 848 770 888 medullam
790 847 1088 905 intelligentiae.
1120 846 1227 888 Cum
1247 844 1310 901 (ι)
1333 845 1373 885 in
1398 843 1514 901 prin-

138 912 248 969 cipio
288 921 547 968 grassaretur
578 913 635 968 (2)
670 907 799 954 hostis
833 914 1051 970 antiquus,
1087 912 1233 970 primis
1268 910 1513 967 parentibus

138 978 358 1020 scientiam
382 977 558 1019 tradidit
590 978 854 1034 nequissimae
886 979 1117 1027 libertatis,
1150 977 1186 1020 id
1220 985 1304 1023 est,
1341 990 1424 1017 non
1448 989 1516 1032 pa-

138 1043 262 1086 rendi
283 1043 365 1101 legi
398 1043 548 1086 divinae
584 1043 671 1100 (5):
698 1046 884 1087 secundo
921 1045 1048 1087 homo
1093 1053 1239 1086 contra
1263 1042 1515 1097 multiplices

140 1109 358 1157 defectus,
381 1110 576 1152 solatium
601 1109 759 1152 invenit
788 1126 929 1153 rerum
964 1110 1311 1153 mechanicarum
1338 1108 1513 1156 artium,

139 1189 241 1233 quas
262 1174 450 1217 extendit
475 1183 570 1232 post
591 1177 642 1217 ad
661 1191 784 1218 usum
807 1175 1106 1234 superfluitatis
1129 1191 1137 1217 :
1165 1175 1288 1217 tertio
1307 1188 1392 1215 non
1415 1188 1515 1215 con-

137 1249 278 1283 tentus
312 1240 400 1290 his,
441 1256 588 1283 causas
623 1243 859 1291 naturales,
900 1258 1002 1299 quas
1037 1241 1150 1284 Deus
1186 1241 1226 1282 in
1264 1240 1361 1297 ipsis
1391 1239 1517 1282 rebus

143 1307 446 1355 occultaverat,
473 1322 596 1349 ausus
621 1315 681 1349 est
706 1308 873 1356 rimari,
905 1323 951 1350 ac
977 1307 1007 1349 si
1030 1315 1138 1349 esset
1161 1306 1269 1347 inter
1292 1305 1450 1352 sidera,
1476 1312 1518 1346 et

142 1379 282 1413 motus
312 1386 481 1420 eorum,
508 1381 550 1413 et
575 1381 691 1414 ortus
714 1381 753 1414 ct
776 1386 975 1421 occasus,
1012 1372 1332 1415 combustiones
1363 1379 1403 1412 et
1435 1386 1518 1412 res-

141 1445 289 1494 pectus
311 1451 354 1478 se
378 1437 703 1494 apprehendisse
735 1438 1003 1487 existimans,
1030 1438 1110 1494 jam
1136 1438 1426 1494 contingentes
1451 1452 1515 1478 re-

141 1517 236 1544 rum
257 1510 427 1544 eventus
449 1502 560 1544 fatali
585 1504 834 1545 necessitate
856 1519 945 1545 csse
965 1504 1155 1545 astrictos
1179 1503 1513 1560 dogmatizabat:

141 1575 290 1624 quarto
310 1567 396 1625 ipse
421 1568 542 1609 Pater
563 1568 795 1609 animarum
824 1569 967 1610 videns
992 1568 1207 1609 hominem
1231 1568 1432 1609 inutiliter
1462 1569 1515 1608 la-

141 1632 385 1681 borantem,
407 1633 627 1674 scientiam
655 1633 746 1674 vita:
770 1634 808 1674 in
833 1649 995 1675 canone
1018 1635 1239 1689 utriusque
1260 1632 1514 1674 Testamenti

141 1699 437 1756 promulgavit.
460 1699 549 1740 Hoc
573 1707 712 1740 autem
732 1700 876 1742 videns
895 1700 1134 1741 teterrimus
1154 1699 1365 1746 inimicus,
1386 1699 1520 1740 homi—

143 1781 218 1808 nes
260 1765 478 1807 infatuavit
514 1766 695 1807 naturali
737 1766 899 1808 ratione
931 1768 1118 1808 volentes
1156 1766 1517 1823 comprehendere

144 1847 236 1889 quae
258 1831 336 1874 Dei
366 1840 484 1880 sunt,
511 1831 730 1873 scientiam
756 1831 1071 1889 Scripturarum
1096 1832 1332 1873 irridentes.
1363 1832 1516 1873 Contra

144 1911 249 1955 quos
269 1895 381 1939 Deus
405 1896 591 1938 incitavit
608 1897 862 1953 piscatores,
885 1898 1076 1940 indoctos
1096 1930 1106 1945 ,
1133 1896 1350 1954 ignobiles,
1376 1905 1423 1938 ut
1447 1911 1519 1953 per

147 1961 298 2005 debilia
315 1995 325 2010 ‚
368 1961 489 2003 fortia
526 1961 674 2003 mundi
712 1963 1002 2005 coufunderet.
1048 1963 1158 2019 Ergo
1202 1962 1521 2003 animadvertite

147 2029 284 2085 quod,
312 2028 518 2084 quidquid
541 2033 753 2085 superest,
783 2028 855 2070 tibi
880 2045 897 2070 a
920 2029 1085 2070 diabolo
1109 2029 1252 2070 datum
1274 2036 1359 2076 est,
1379 2036 1426 2070 ut
1461 2029 1523 2069 iu-

146 2093 273 2136 flatus
295 2093 424 2136 homo
460 2103 502 2135 et
533 2094 728 2136 dilatatus
759 2095 1068 2137 recalcitrando
1100 2095 1188 2136 Deo
1221 2094 1391 2136 salutari
1417 2109 1516 2142 suo,

148 2175 232 2202 non
250 2159 457 2201 efficiatur
477 2159 671 2208 humilis,
711 2161 820 2203 sicut
848 2159 1043 2218 parvulus
1078 2161 1167 2202 iste.
1207 2160 1288 2201 Iste
1319 2160 1429 2201 enim
1459 2160 1521 2201 vir

151 2233 320 2268 sanctus
343 2225 596 2282 theologiam
625 2226 853 2279 adamavit,
870 2226 1177 2283 philosophiam
1195 2225 1411 2281 spoliavit,
1434 2239 1523 2266 sce-

149 2290 360 2348 nologiam
380 2291 652 2348 temperavit,
678 2292 994 2350 panthologiam
1015 2290 1296 2341 conculcavit,
1321 2291 1461 2332 volens
1481 2305 1524 2331 se

151 2356 377 2400 humiliare
402 2358 517 2399 velut
545 2358 767 2415 parvulus3
793 2358 889 2400 ideo
913 2357 1194 2400 humilitatem
1224 2371 1351 2413 super
1381 2354 1522 2397 omnia

151 2423 381 2471 adamavit,
405 2437 530 2479 quam
558 2424 617 2465 sal
638 2431 679 2466 et
705 2424 1025 2467 condimentum
1043 2432 1295 2465 cunctarum
1320 2421 1522 2463 virtutum

199 2534 248 2580 (ι)
275 2535 354 2568 cod.
384 2547 472 2569 mem.
505 2553 544 2559 -
573 2535 620 2578 (a)
652 2535 701 2570 Id,
726 2545 922 2570 nasceretur.
956 2554 1000 2561 —
1038 2532 1091 2581 (3)
1131 2535 1178 2566 Id.
1213 2546 1275 2565 ηοη
1303 2534 1444 2565 nnc-endi
1474 2535 1526 2564 sub

154 2591 272 2624 divino.
