1868 3301
272 284 367 343 484
531 297 565 326 s.
611 293 857 324 Aueusnm
891 293 1094 324 131>1scoP1
1134 292 1373 324 APPENDIX.

272 374 446 427 propter
471 359 768 406 Obedientiam
802 359 1086 416 spiritualibus
1120 359 1308 416 patribus
1344 374 1388 401 se
1416 357 1649 415 subjiciunt

271 441 443 492 propter
479 428 629 470 Deum.
668 424 898 466 Videbatur
922 432 1060 466 autem
1085 425 1189 465 ordo
1223 423 1510 465 obedientium
1534 431 1650 465 cate—

272 513 370 542 nam
403 497 462 551 (1)
490 507 658 535 auream
692 490 848 533 habere
881 490 991 532 circa
1016 491 1197 538 collum,
1225 498 1267 531 et
1291 490 1424 530 multo
1446 488 1652 545 maJOrem

273 563 447 623 gloriam
466 593 475 609 ,
499 573 626 616 quam
651 557 732 600 alii.
762 557 849 613 Ego
872 564 1011 598 autem
1036 555 1118 598 dixi
1137 556 1197 603 ei,
1223 555 1294 611 qui
1319 555 1421 596 mihi
1447 555 1534 597 haec
1568 570 1653 596 om-

274 630 344 673 nia
380 625 632 669 ostendebat
668 638 677 665 :
705 641 720 662 a
744 623 972 674 Quomodo
1008 623 1084 664 iste
1123 623 1249 669 ordo,
1283 621 1353 677 qui
1385 635 1538 678 parvus
1559 629 1652 669 est,

275 694 482 750 majorem
504 689 678 747 gloriam
693 721 704 737 ,
725 703 850 744 quam
872 688 962 736 alii,
985 688 1115 730 habet
1131 687 1172 728 in
1191 702 1233 728 se
1251 686 1267 727 P
1286 706 1300 724 n
1321 685 1376 728 At
1395 687 1462 728 ille
1485 700 1656 742 respon-

276 760 338 803 dit
363 774 405 799 :a
435 756 546 808 Quia
572 754 662 801 illi,
695 754 765 810 qui
793 752 1129 810 hospitalitatem
1158 760 1391 799 sectantur,
1423 751 1656 793 secundum

275 823 490 883 propriam
530 822 790 863 voluntatem
828 817 1011 875 idipsum
1048 818 1239 866 saciunt;
1276 816 1471 859 similiter
1505 816 1577 873 qui
1615 816 1658 858 in

275 903 419 933 eremo
441 902 484 930 se
508 887 721 944 relegant,
742 899 818 926 suo
847 884 1019 926 arbitrio
1050 885 1100 926 de
1122 884 1275 925 saeculo
1295 884 1559 925 recedentes.
1581 881 1660 925 Hic

278 965 420 1000 autem
434 955 539 997 ordo
557 953 627 1010 qui
645 967 688 995 se
708 952 760 992 ad
782 951 1080 993 Obedientiam
1101 950 1235 1003 dedit,
1257 965 1402 992 omnes
1422 949 1660 991 voluntates

279 1037 375 1067 suas
404 1019 631 1076 abjiciens,
667 1016 803 1059 tendit
835 1017 888 1058 ad
917 1017 1053 1058 Deum
1087 1017 1139 1058 ad
1171 1015 1401 1072 jussionem
1434 1013 1660 1071 spiritualis

277 1088 434 1148 patris3
457 1092 680 1144 propterea
703 1082 908 1139 majorem
932 1083 1109 1140 gloriam
1150 1082 1295 1124 habet.
1321 1100 1336 1121 ι)
1373 1081 1660 1138 Quapropter,

279 1170 303 1199 ο
326 1155 437 1196 bona
459 1153 613 1198 Mater,
640 1150 752 1191 bona
774 1158 836 1190 est
857 1148 1112 1191 Obcdientia
1133 1162 1224 1204 quae
1247 1155 1419 1204 propter
1439 1145 1574 1188 Deum
1598 1144 1658 1187 fit.

279 1219 463 1263 Intende
484 1230 611 1274 ergo,
631 1215 780 1261 Mater,
809 1214 984 1256 virtutes
1002 1213 1118 1270 ejus,
1141 1213 1236 1269 quia
1261 1227 1460 1269 magnum
1486 1220 1549 1253 est
1570 1225 1665 1252 ves-

282 1285 431 1344 tigium
455 1284 515 1340 (2)
540 1296 590 1325 ex
612 1289 730 1339 parte
753 1280 842 1322 Dei.
867 1279 1119 1322 Obedientia
1137 1279 1248 1320 salus
1271 1287 1334 1320 est
1351 1277 1542 1319 omnium
1565 1275 1667 1318 fide-

280 1352 402 1400 lium:
423 1348 676 1393 Obedientia
688 1355 751 1389 est
769 1345 948 1404 genitrix
968 1346 1159 1387 omnium
1174 1345 1396 1393 virtutu1n;
1413 1341 1666 1386 Obedientia

282 1425 344 1460 est
366 1414 487 1472 regni
509 1414 716 1456 coelorum
753 1412 992 1460 inventrix3
1019 1410 1272 1454 Obedientia
1301 1411 1429 1452 coelos
1452 1409 1642 1467 aperiens
1657 1442 1666 1457 ,

283 1482 502 1526 hominem
520 1480 572 1521 de
582 1487 693 1521 terra
710 1478 869 1526 elevat;
888 1477 1143 1520 obedientia
1160 1477 1440 1519 cohabitatrix
1457 1485 1519 1518 est
1533 1475 1671 1532 Ange-

282 1551 448 1596 lorum;
481 1544 734 1588 Obedientia
765 1543 956 1584 omnium
985 1542 1240 1584 Sanctorum
1266 1543 1386 1584 cibus
1410 1551 1485 1584 est.
1508 1542 1569 1583 Ex
1592 1541 1671 1583 hac

285 1613 401 1656 enim
418 1611 581 1659 abluti,
602 1618 644 1653 et
660 1624 735 1668 per
758 1608 869 1651 hane
894 1609 945 1650 ad
968 1607 1274 1664 perfectionem
1292 1608 1426 1652 sancti
1443 1615 1666 1652 venerunt.

920 1761 1050 1772 ———-

843 1862 1023 1907 CAPUT
1054 1861 1123 1907 IV.

567 1977 632 2018 De
662 1975 917 2018 Continentia
937 1974 1073 2034 galee,
1101 1982 1142 2016 et
1170 1974 1288 2016 vistis
1321 1974 1400 2031 (5).

357 2109 441 2153 Sssn
457 2107 543 2166 jam
566 2114 734 2162 tempus
752 2111 831 2152 est,
851 2111 1026 2160 ut,post
1050 2101 1177 2145 trium
1198 2101 1402 2144 virtutum
1422 2101 1676 2153 doctrinam,

298 2176 522 2236 vigilanter
548 2172 756 2218 attendas,
780 2178 934 2227 quanta
958 2169 1009 2210 sit
1031 2168 1309 2210 Continentiae
1332 2168 1479 2218 virtus,
1505 2177 1547 2210 et
1565 2170 1680 2225 quod

300 2239 571 2287 Continentia
596 2252 685 2280 non
707 2237 844 2278 solum
863 2236 904 2277 in
932 2235 1027 2277 cibo
1045 2244 1087 2276 et
1108 2244 1228 2291 potu,
1253 2232 1328 2275 sed
1351 2235 1478 2276 etiam
1501 2234 1543 2276 in
1565 2235 1682 2276 locu-

295 2309 434 2356 tione,
454 2314 496 2348 et
513 2318 662 2346 somno
677 2335 687 2352 ,
714 2316 761 2343 ac
782 2302 932 2342 vestitu
949 2333 960 2349 ,
982 2309 1023 2342 et
1045 2299 1427 2342 innumerabilibus
1452 2300 1504 2342 sit
1526 2300 1675 2342 causis.

296 2375 519 2419 Admoneo
545 2370 672 2427 igitur
695 2367 968 2410 dilectionem
991 2375 1107 2409 tuam
1128 2400 1137 2415 ‚
1166 2376 1315 2409 utnon
1339 2368 1540 2408 delicatos
1564 2367 1682 2409 cibos

299 2453 488 2498 quaeras,
521 2450 598 2478 nec
624 2442 720 2476 ante
753 2433 901 2475 horam
935 2447 1166 2489 congruam
1201 2435 1426 2474 comedere
1450 2433 1551 2475 velis
1568 2465 1579 2483 ‚
1604 2447 1683 2475 nec

300 2506 414 2550 dicas
439 2504 479 2545 in
506 2502 634 2544 corde
663 2509 735 2542 tuo
757 2515 765 2539 :
784 2499 926 2541 «Ecce
946 2499 1011 2540 alii
1026 2500 1084 2541 sic
1106 2499 1310 2541 faciunt.»
1327 2498 1441 2541 Scito
1464 2514 1540 2556 pro
1565 2506 1683 2542 certo

349 2600 394 2642 (ι)
414 2596 491 2630 Cod.
514 2605 731 2637 tanquam.--
745 2592 795 2637 (2)
815 2594 864 2629 Id.
890 2593 1020 2634 aliquid
1038 2602 1085 2625 est
1099 2593 1335 2636 vestigium.-
1350 2592 1402 2637 (3)
1417 2595 1539 2626 Desunt
1551 2600 1582 2624 et
1594 2591 1686 2623 visas

299 2659 332 2691 in
349 2655 418 2688 cod.
