1885 3284
207 383 351 415 sunno
383 383 546 423 xcvm,
584 384 681 414 swa
720 384 889 415 oaAr1o
927 385 981 414 niz
1019 383 1191 415 SPIRITU
1229 382 1411 415 smero.
1481 369 1566 417 133

205 448 296 495 lum
316 487 327 505 ,
350 449 395 494 in
418 450 597 495 veritate
616 449 717 495 fidei
735 449 966 496 fundatum
983 487 994 506 ,
1016 450 1060 495 in
1080 448 1340 495 certitudine
1355 451 1445 512 spei
1458 466 1571 495 erec-

207 530 298 564 tum
315 556 325 574 ,
366 536 467 564 cum
501 519 681 565 fervoris
709 519 920 566 charitate
956 519 1239 582 completum.
1274 519 1380 564 Veni
1400 556 1410 574 ,
1451 521 1576 573 veni,

205 589 710 652 hospesjucundissime,
731 590 932 653 quamvis
956 606 1043 635 non
1059 589 1135 635 diu
1153 589 1431 635 desideratus.
1453 591 1578 635 Mane

204 660 434 705 nobiscum
455 698 465 710 ,
496 661 597 724 quia
619 661 700 706 nisi
727 662 958 718 manseris,
984 661 1311 724 advesperascet
1332 671 1373 707 et
1392 661 1578 706 inclina—

207 731 326 776 bitur
343 731 432 776 dies
448 731 481 777 1.
515 732 639 777 i'ulsa
659 744 698 777 et
721 733 856 796 aperi,
878 733 978 796 quia
998 734 1030 778 si
1048 732 1205 795 aperis,
1234 749 1359 778 nemo
1384 732 1575 785 claudit;

208 800 428 860 ingredere
445 812 484 846 et
511 802 664 847 claude
684 814 779 865 post
799 814 838 848 te
855 803 1010 848 ostium
1036 840 1046 858 ‚
1073 813 1115 847 et
1137 819 1262 847 nemo
1282 806 1444 865 aperiet
1458 803 1505 857 2;
1534 803 1578 848 in

209 889 314 934 pace
336 884 436 917 sunt
456 874 601 917 onmia
622 890 721 936 quae
749 874 992 937 possides3,
1013 885 1054 919 et
1082 874 1172 919 sine
1191 885 1230 919 te
1249 873 1367 919 nulla
1388 885 1449 919 est
1475 891 1573 936 pax.

216 942 275 987 su
296 942 365 1005 (1)
387 942 685 988 laborantium
702 961 743 989 es
764 945 931 1007 requies
953 982 962 997 ,
980 944 1276 1007 praeliantium
1297 962 1402 1007 pax,
1432 943 1579 989 dolen-

207 1013 588 1073 tiumjucunditas
611 1051 621 1067 ,
657 1014 959 1074 languentium
993 1015 1260 1069 consolatio,
1296 1015 1576 1060 aestuantium

208 1084 436 1147 temperies
453 1122 463 1138 ,
490 1084 690 1130 flentium
716 1085 824 1130 risus
841 1123 850 1141 ‚
882 1102 1100 1131 caecorum
1134 1085 1205 1132 lux
1227 1122 1237 1139 ,
1274 1085 1575 1131 dubitantium

206 1154 293 1201 dux
317 1192 328 1210 ,
360 1155 606 1201 timentium
630 1156 843 1210 audacia3
868 1156 1014 1202 nullus
1037 1159 1149 1203 enim
1174 1158 1383 1222 quiescit,
1406 1158 1486 1203 nisi
1503 1157 1578 1220 qui

206 1241 288 1288 pro
315 1235 356 1270 te
377 1224 563 1272 laborat.
593 1226 720 1271 Solus
739 1243 939 1289 pugnans
960 1245 1040 1290 pro
1064 1239 1102 1273 te
1122 1266 1132 1284 ,
1159 1245 1311 1291 pacem
1332 1228 1579 1275 habet.Pro

208 1307 249 1341 te
271 1295 417 1341 dolere
440 1313 607 1342 summa
632 1297 890 1355 jucunditas
927 1310 1017 1353 est,
1057 1310 1098 1344 et
1131 1298 1274 1359 lugere
1313 1300 1571 1346 consolatio.

208 1366 321 1412 Cum
341 1365 414 1411 sset
435 1367 576 1412 anima
603 1384 696 1412 mea
724 1384 806 1429 pro
835 1379 874 1412 te
893 1405 903 1423 ,
939 1379 1043 1415 tunc
1066 1369 1178 1414 bene
1202 1369 1330 1416 ridet.
1359 1370 1397 1414 Ο
1416 1380 1579 1433 quanta

207 1436 450 1496 benignitas
472 1438 481 1483 l
511 1455 596 1482 non
619 1449 744 1500 potes
767 1439 978 1484 sustinere
1004 1440 1124 1501 quod
1144 1440 1300 1503 aliquis
1322 1440 1466 1486 doleat
1499 1457 1580 1503 pro

207 1517 248 1552 te
268 1545 275 1559 ‚
293 1523 372 1552 nec
399 1507 517 1569 quod
542 1508 645 1553 fleat
664 1519 739 1553 aut
761 1508 945 1556 laboret.
979 1509 1119 1556 Simul
1139 1511 1253 1556 enim
1273 1511 1495 1575 incipiunt
1516 1513 1580 1558 la-

206 1578 290 1622 bor
307 1589 349 1622 et
369 1578 535 1641 requies
554 1615 565 1634 ,
590 1595 738 1641 pugna
759 1590 801 1624 et
823 1597 906 1642 pax
928 1617 937 1634 ,
963 1580 1088 1626 dolor
1104 1582 1432 1641 etjucunditas,
1455 1583 1583 1629 fletus

206 1658 249 1692 et
269 1648 390 1693 risus.
421 1649 521 1693 Esse
538 1650 584 1694 in
604 1660 644 1694 te
661 1687 672 1705 ,
693 1662 755 1695 est
781 1667 868 1695 esse
887 1650 932 1695 in
958 1662 1119 1697 aeterna
1137 1652 1358 1699 felicitate.

273 1720 355 1765 ΙΙΙ.
399 1719 547 1778 Tange
565 1757 575 1769 ,
597 1720 875 1766 dilectissime
897 1759 907 1775 ,
938 1733 1064 1782 tange
1082 1723 1268 1768 animam
1291 1741 1427 1769 meam
1449 1742 1580 1788 quam

207 1788 386 1842 creasti,
418 1789 606 1834 animam
625 1806 757 1853 quam
786 1808 865 1866 per
885 1791 1108 1837 lavacrum
1128 1793 1414 1847 inhabitasti3
1442 1806 1485 1839 at
1508 1796 1577 1858 (2)

208 1858 320 1904 heu!
347 1862 509 1918 ejectus
524 1859 678 1904 millies
694 1861 880 1923 turpiter
896 1861 1013 1907 fuisti
1031 1873 1073 1907 et
1090 1862 1296 1922 injuriose
1319 1881 1341 1908 a
1363 1863 1493 1909 domo
1510 1877 1580 1911 tua

207 1930 413 1992 propiia,
440 1940 481 1973 et
507 1946 607 1975 ecce
627 1930 779 1975 misera
811 1931 986 1994 hospita
1017 1943 1088 1978 tua
1107 1933 1267 1978 clamat
1284 1945 1382 1996 post
1406 1944 1472 1989 te3
1493 1952 1583 1998 pes-

208 2001 312 2045 sime
334 2009 397 2044 est
417 2000 530 2044 enim
547 2000 585 2045 ei
605 2000 693 2045 sine
714 2011 767 2047 te
794 2001 1054 2059 Revertere,
1072 2003 1410 2064 benignissime,
1442 2017 1483 2050 et
1498 2006 1582 2051 mi-

208 2087 344 2115 serere
357 2073 448 2129 ejus
464 2086 566 2133 quae
585 2081 624 2115 te
645 2070 845 2117 seditiose
862 2073 1029 2136 expulit
1044 2091 1064 2118 a
1080 2091 1136 2119 se.
1166 2075 1313 2131 Nunc,
1334 2091 1452 2120 nunc
1469 2076 1580 2121 bene

208 2140 486 2196 recordatur,
509 2140 630 2203 quod
664 2141 775 2187 bene
807 2153 898 2187 erat
920 2144 956 2188 ei
980 2160 1118 2207 prope
1138 2155 1204 2198 te3
1232 2157 1443 2191 venerunt
1466 2147 1583 2192 enim

209 2212 356 2257 onmia
378 2212 494 2257 bona
521 2215 682 2274 pariter
701 2224 883 2277 propter
904 2214 989 2261 te4.
1019 2226 1060 2260 et
1088 2227 1188 2278 post
1218 2233 1428 2261 recessum
1459 2227 1580 2262 tuum

208 2281 505 2346 spoliaverunt
524 2300 616 2328 eam
642 2283 812 2329 inimici
831 2288 924 2343 ejus
943 2323 953 2341 ,
983 2297 1024 2330 et
1043 2286 1187 2331 omnia
1213 2287 1325 2331 bona
1355 2290 1446 2346 eJ'us
1483 2304 1585 2350 quae

210 2352 352 2414 primo
376 2351 532 2399 dedisti
555 2390 566 2409 ,
595 2364 958 2416 asportaverunt,
988 2367 1027 2401 et
1058 2357 1235 2420 insuper
1255 2357 1405 2420 plagas
1424 2358 1584 2403 crude-

208 2423 389 2469 lissimas
423 2425 726 2488 imposuerunt
748 2462 758 2478 ,
789 2436 830 2470 et
865 2426 934 2471 vix
967 2427 1218 2473 semivivam
1261 2428 1576 2491 reliquerunt-5.

208 2493 320 2539 Redi
338 2511 437 2555 ergo
453 2532 463 2549 ,
492 2495 768 2541 dilectissime
790 2496 976 2542 Domine
995 2535 1006 2553 ‚
1036 2507 1078 2542 et
1101 2497 1313 2543 descende
1331 2498 1376 2544 in
1399 2497 1579 2545 domum

261 2589 270 2609 ¹
300 2590 374 2620 Luc.
404 2600 495 2625 xxiv,
532 2601 580 2629 19.
611 2608 653 2613 -
679 2588 694 2610 ‘²
724 2592 826 2632 Apoc.
859 2602 915 2630 in,
950 2604 981 2631 7.
1009 2609 1057 2616 —
1089 2590 1103 2614 ³
1129 2595 1204 2624 Luc.
1236 2603 1286 2631 xi,
1319 2604 1372 2623 αι.
1400 2610 1445 2616 -
1472 2590 1486 2613 ⁴
1507 2595 1582 2635 Sap.

210 2654 253 2675 vu
271 2669 280 2685 ‚
315 2655 425 2676 11.—-
441 2642 455 2666 ⁵
477 2647 553 2678 Luc.
572 2655 603 2679 x.
626 2647 679 2677 30.

262 2709 313 2756 (1)
332 2712 413 2746 Cod.
433 2722 465 2744 tu
483 2714 548 2756 qni,
570 2731 614 2737 --
634 2711 681 2758 (2)
703 2714 753 2747 Id.
772 2723 801 2743 et
