1885 3284
413 341 499 398 140
810 360 845 388 s.
890 359 1137 389 Aucusriwi
1175 360 1381 390 Eprscom

408 444 426 463 »
450 423 588 468 multo
618 424 792 483 majoris
814 424 984 470 numeri
1007 462 1017 480 ‚
1042 442 1176 488 quam
1202 436 1250 471 tu
1267 443 1310 471 es
1329 463 1339 481 ‚
1367 437 1408 471 et
1427 426 1692 472 robustiores
1715 436 1773 483 te,

404 493 756 557 »tradideritque
779 512 847 540 eas
875 495 1086 540 Dominus
1114 496 1229 542 Deus
1257 508 1355 541 tuus
1383 496 1462 542 tibi
1491 498 1576 557 (1),
1616 513 1778 559 percu-

404 587 424 606 »
450 565 524 609 ties
540 581 610 609 eas
630 581 763 628 usque
787 565 839 610 ad
856 566 1208 613 internecionem.
1233 568 1329 612 Non
1351 567 1483 612 inibis
1501 584 1601 612 cum
1624 567 1682 612 eis
1699 566 1779 611 foe-

405 657 425 677 »
449 634 530 680 dus
546 671 555 688 ‚
581 651 668 680 non
686 635 952 681 misereberis
975 653 1121 681 earum
1137 636 1170 683 4.
1199 658 1217 677 »
1248 638 1360 682 Ecce
1387 636 1566 682 audistis
1589 675 1598 692 ,
1630 636 1779 681 fratres

403 705 647 751 charissimi
671 742 681 761 ‚
718 707 819 769 quia
850 717 994 766 gentes
1024 707 1152 752 nobis
1184 707 1358 752 infestas
1390 709 1548 752 nostris
1577 707 1779 752 manibus

407 779 521 822 Deus
561 777 836 840 omnipotens
873 777 1052 823 tradidit
1073 813 1082 831 ,
1120 794 1273 841 easque
1300 782 1391 837 jam
1430 796 1451 823 a
1492 777 1602 823 facie
1636 787 1781 822 nostra

404 848 448 893 in
467 863 555 892 suae
580 847 869 909 providentiae
895 847 1181 911 dispositione
1206 848 1378 893 delevit.
1420 850 1512 893 (jur
1535 865 1635 908 ergo
1655 848 1779 907 dege-

404 917 495 963 neri
520 917 728 977 languore
748 919 1073 981 torpescimus?
1112 935 1190 963 cur
1213 919 1418 964 collatam
1453 919 1581 963 nobis
1607 917 1782 963 coelitus

404 989 630 1034 victoriam
650 1005 737 1034 non
756 989 990 1052 arripimus
1007 991 1026 1034 Ξ)
1046 1006 1125 1034 cur
1142 1006 1189 1034 ex
1210 1006 1259 1035 eo
1281 989 1400 1052 quod
1425 989 1469 1034 in
1487 1005 1677 1052 superno
1690 992 1781 1047 jam

404 1060 595 1105 examine
613 1060 900 1105 constitutum
927 1070 988 1105 est
1007 1098 1018 1114 ‚
1044 1059 1087 1104 id
1118 1060 1257 1106 solum
1275 1059 1395 1124 quod
1422 1060 1474 1105 ad
1500 1076 1576 1104 nos
1593 1059 1784 1122 pertinet

406 1148 493 1176 non
517 1130 779 1194 implemus?
818 1131 929 1176 Nam
971 1132 1005 1176 si
1038 1133 1179 1195 ipsam
1221 1131 1457 1177 verborum
1500 1130 1650 1176 seriem
1686 1139 1784 1175 ante

405 1201 720 1265 perpendimus
738 1239 748 1251 ,
762 1206 851 1262 jam
877 1203 990 1266 ipsas
1008 1214 1153 1263 gentes
1178 1203 1297 1266 apud
1319 1201 1511 1247 divinam
1528 1201 1783 1246 sententiam

406 1282 641 1336 prostratas
657 1272 893 1335 aspicimus
915 1310 924 1327 ‚
948 1290 1055 1336 quas
1077 1274 1159 1336 ipsi
1185 1283 1414 1335 percutere
1437 1283 1479 1317 et
1496 1271 1636 1317 delere
1658 1271 1785 1331 jube-

407 1359 518 1389 mur.
549 1343 662 1388 Cum
685 1343 801 1388 enim
827 1343 995 1389 dicitur
1034 1361 1044 1388 ε
1089 1343 1242 1388 «Cum
1278 1342 1568 1388 introduxerit
1596 1353 1636 1387 te
1666 1343 1782 1387 Deus

410 1413 654 1459 »Dominus
677 1424 776 1459 tuus
796 1414 841 1459 in
861 1425 1019 1459 terram
1043 1430 1213 1478 ‚quam
1240 1430 1512 1476 possessurus
1534 1414 1604 1475 (2)
1634 1413 1782 1471 ingre-

410 1508 424 1527 »
443 1484 580 1539 deris,
607 1495 649 1530 et
669 1485 877 1531 deleveris
895 1496 1064 1545 gentes3
1081 1507 1100 1526 »
1126 1497 1255 1549 atque
1278 1485 1412 1548 paulo
1431 1496 1529 1562 post
1554 1483 1782 1543 adjungitz

409 1575 429 1595 c<
454 1555 675 1600 Percuties
696 1572 791 1609 eas,
812 1576 831 1596 ›>
858 1555 956 1600 luce
980 1555 1140 1601 clarius
1178 1566 1372 1610 constat,
1396 1555 1499 1618 quia
1523 1553 1788 1599 adversarios

407 1636 574 1670 nostros
591 1626 637 1671 in
659 1642 734 1670 sua
759 1627 1139 1688 praescientiajam
1155 1626 1433 1689 omnipotens
1456 1626 1568 1670 Deus
1580 1624 1783 1679 extinxit,

409 1712 518 1759 quos
537 1712 613 1742 nos
636 1707 684 1741 ut
714 1696 781 1758 (3)
804 1696 1178 1756 extinguerenius,
1208 1697 1412 1742 instituit.
1457 1697 1556 1758 Ipse
1582 1706 1752 1757 pugnat
1774 1731 1784 1749 ,

411 1777 454 1811 et
480 1777 527 1811 ut
547 1784 624 1812 nos
649 1767 872 1812 vincamus
897 1766 1070 1812 invitat.
1100 1768 1196 1830 lpse
1222 1766 1416 1811 hostium
1439 1766 1549 1811 vires
1570 1765 1753 1811 destruit
1775 1803 1785 1819 ‚

413 1837 594 1883 etnobis
613 1838 809 1883 victoriae
832 1854 991 1883 nomen
1023 1838 1216 1883 ascribit.
1247 1837 1353 1882 Vult
1378 1854 1454 1881 nos
1478 1837 1571 1882 fieri
1596 1853 1670 1882 sua
1696 1836 1789 1882 vir-

413 1919 504 1952 tute
524 1908 709 1953 victores
733 1945 743 1962 ‚
787 1918 833 1952 ut
869 1907 1010 1953 valeat
1037 1919 1180 1970 myrto
1205 1924 1413 1953 coronare
1446 1907 1784 1970 triumphantes.

418 1978 547 2024 Nulla
568 1996 645 2024 nos
663 1996 764 2038 ergo
788 1978 1032 2041 desperatio
1052 1979 1224 2039 frangat
1243 2016 1251 2033 ,
1276 1996 1387 2042 quos
1413 1978 1466 2023 ad
1481 1977 1650 2023 fortiter
1666 1995 1790 2037 agen-

415 2050 521 2096 dum
547 2066 748 2113 supernae
773 2049 945 2095 virtutis
973 2049 1222 2095 adhortatio
1247 2060 1473 2112 provocat.
1515 2048 1643 2094 Nulla
1664 2048 1790 2093 infir—

415 2120 540 2166 mitas
564 2120 775 2166 humanae
793 2119 1059 2166 conditionis
1080 2121 1280 2175 obsistat,
1302 2120 1378 2165 ubi
1394 2119 1444 2165 ad
1465 2119 1790 2180 confligendum

417 2191 579 2237 divinae
604 2192 808 2251 jussionis
845 2193 1085 2237 auctoritas
1114 2192 1309 2236 roborat.
1353 2191 1594 2236 Audiamus
1631 2200 1674 2235 et
1715 2206 1791 2234 nos

417 2263 537 2326 quod
557 2262 640 2307 illis
654 2262 822 2307 dictum
850 2273 908 2307 est
941 2280 951 2306 :
980 2283 999 2303 α
1022 2262 1065 2307 Si
1085 2262 1239 2307 dixeris
1259 2262 1302 2306 in
1331 2261 1558 2306 cordetuo
1589 2278 1599 2305 ε
1641 2260 1792 2305 Plures

421 2355 440 2375 »
463 2345 562 2379 sunt
586 2344 730 2393 gentes
750 2334 842 2379 istae
860 2350 989 2396 quam
1009 2350 1105 2393 ego,
1124 2332 1345 2396 quomodo
1368 2343 1517 2396 potero
1539 2331 1679 2377 delere
1691 2334 1793 2377 eas?

423 2427 440 2445 υ
469 2404 568 2450 Noli
585 2415 798 2460 metuere,
820 2404 893 2449 sed
911 2403 1138 2450 recordare
1156 2421 1255 2468 quae
1269 2404 1418 2450 fecerit
1440 2404 1655 2449 Dominus
1681 2403 1793 2447 Deus

471 2530 479 2551 ¹
500 2532 592 2561 Dent.
610 2540 667 2567 vir,
686 2542 713 2564 ι,
727 2541 757 2560 2.

466 2608 521 2656 (1)
543 2610 620 2642 Cod.
640 2612 721 2642 male
741 2612 829 2643 addit
846 2621 895 2649 ec3
919 2611 1037 2643 deinde
1053 2612 1209 2653 percmie.
1225 2630 1270 2635 —
1291 2612 1339 2652 (α)
1361 2611 1439 2643 Cod.
1469 2611 1550 2641 male
1571 2610 1660 2640 addit
1686 2621 1740 2646 es,·
1762 2616 1792 2641 et

423 2667 536 2698 demde
554 2666 649 2698 habet
663 2668 822 2697 deleverit.
841 2685 883 2691 —
901 2664 954 2712 (3)
972 2669 1067 2698 Deest
1086 2676 1119 2697 ut
1138 2667 1170 2697 iu
1187 2667 1258 2698 cod.
