1885 3284
377 257 470 312 240
646 274 681 303 S.
723 272 968 304 mensum
1008 274 1210 308 emscori
1244 276 1482 309 Arrnnmx.

381 336 534 379 Christi
559 338 640 380 hoc
662 339 849 381 ostendit
869 339 886 380 P
906 339 1112 397 numquid
1128 349 1171 383 et
1188 340 1386 399 Magister
1412 343 1572 385 divitias
1591 352 1629 386 te
1642 358 1748 386 con-

380 411 569 445 temnere
591 419 672 445 non
692 405 935 460 praedicavit
949 407 964 447 Ρ
980 407 1186 462 numquid
1198 422 1282 449 non
1297 419 1448 451 cuncta
1471 409 1690 466 despicere
1709 419 1749 453 te

380 467 769 525 docuiti’numquid
785 485 867 511 non
882 486 1029 512 aurum
1048 480 1088 512 ct
1107 480 1324 529 argentum
1337 482 1505 531 portare
1525 483 1563 516 tc
1583 474 1750 518 docuit?

379 535 465 574 Cur
486 549 585 590 ergo
617 534 861 592 Magistrum
889 536 1034 577 vendis
1054 536 1072 577 P
1095 536 1309 593 Numquid
1344 539 1500 580 malum
1520 539 1596 581 tibi
1618 539 1751 582 fecit?

379 600 586 654 numquid
609 614 692 640 non
717 615 825 657 saepe
849 609 888 642 tc
911 601 1151 644 excusavit?
1167 603 1373 658 numquid
1389 618 1471 644 non
1492 604 1623 646 multa
1643 605 1750 647 mala

378 664 454 705 tibi
473 663 630 706 dimisit
650 664 666 705 2³
685 664 861 721 Semper
889 666 1000 707 enim
1024 675 1064 708 te
1092 681 1217 724 super
1240 668 1339 709 alios
1358 669 1628 719 admonebat,
1655 669 1752 726 quia

379 730 472 787 plus
501 737 542 770 ct
566 744 689 786 super
711 730 813 771 alios
847 730 1093 787 indigebas3
1128 747 1295 788 semper
1328 732 1563 783 suadebat,
1590 748 1758 792 semper

379 795 493 836 omni
519 796 656 836 studio
680 810 826 837 sanare
850 804 889 837 tc
912 797 1138 853 cupiebat;
1164 805 1205 839 et
1227 806 1271 839 tu
1298 797 1400 839 dicis
1425 799 1758 857 tanquamLegis

380 862 537 903 zelator
561 877 569 902 :
593 862 826 904 Occidatur
849 862 1059 919 Magister,
1087 863 1181 919 quia
1201 864 1334 905 malus
1358 872 1433 906 cst.
1461 863 1548 905 Sub
1571 864 1651 906 hac
1670 880 1759 923 spe-

381 927 443 969 cie
466 927 636 968 intravit
659 928 709 967 ad
737 943 832 976 cos,
862 929 1087 970 ostendens
1115 944 1157 970 se
1180 944 1270 970 esse
1291 930 1521 971 zelatorem
1548 929 1691 986 Legis;
1717 936 1759 972 et

381 991 597 1047 subjunxit
620 992 788 1043 :«Quid
808 993 932 1035 vultis
953 993 1056 1035 mihi
1083 996 1206 1042 dare,
1240 1002 1281 1035 ct
1303 1009 1381 1051 cgo
1404 1010 1501 1035 cum
1524 996 1646 1036 vobis
1671 1003 1759 1036 tra-

381 1076 396 1096 »
411 1056 559 1099 dam?1›
576 1058 612 1099 O
630 1058 805 1099 verbum
828 1059 957 1100 totius
981 1059 1177 1115 superbi!
1200 1068 1241 1100 et
1261 1060 1389 1101 tradis
1409 1075 1505 1100 eum
1520 1059 1758 1116 quicuncta

380 1123 536 1165 creavit
558 1131 600 1163 et
625 1131 869 1171 conservat3
896 1125 1022 1165 tradis
1045 1139 1165 1172 eum,
1190 1124 1261 1180 qui
1299 1125 1440 1165 omnia
1476 1124 1597 1181 ligat3
1631 1124 1758 1166 tradis

379 1203 476 1230 cum
499 1219 510 1238 ‚
533 1188 603 1229 cui
626 1188 768 1230 onmia
787 1189 1014 1236 obediunt;
1041 1189 1169 1230 tradis
1191 1203 1287 1229 eum
1306 1189 1376 1244 qui
1397 1189 1658 1230 daemonibus
1677 1188 1758 1230 im-

378 1262 497 1311 perat
517 1286 527 1302 ,
567 1255 635 1295 cui
658 1255 958 1311 obtemperant
981 1255 1111 1296 maria
1132 1287 1142 1306 ,
1165 1254 1233 1296 cui
1256 1269 1402 1296 omnes
1430 1253 1652 1310 subjacent
1676 1268 1757 1311 po·

379 1327 564 1361 testates.

442 1384 488 1427 V.
527 1383 680 1426 Omnia
707 1384 819 1425 enim
846 1385 970 1426 verba
992 1383 1181 1441 Magistri
1206 1384 1364 1440 respuit
1385 1416 1394 1431 ,
1421 1398 1567 1425 omnes
1589 1383 1760 1425 Domini

382 1464 598 1491 sermones
619 1450 896 1506 Qcontempsit.
943 1449 1135 1491 Christus
1162 1449 1276 1490 enim
1308 1449 1449 1490 cautio
1480 1457 1574 1497 est,
1610 1457 1652 1491 et
1676 1463 1760 1491 me-

382 1508 509 1556 retrix
529 1514 645 1555 testis
668 1523 753 1563 est,
784 1530 876 1571 qnze
900 1514 950 1556 de
974 1530 1047 1556 sua
1072 1515 1147 1556 suit
1170 1514 1422 1555 liberatione
1447 1514 1638 1555 sollicita.
1667 1513 1760 1556 Non

380 1580 493 1620 enim
516 1580 565 1620 de
585 1587 656 1620 tua
678 1579 930 1621 liberatione
966 1581 1189 1636 desperare
1225 1580 1363 1621 adhuc
1400 1577 1585 1620 debebas
1611 1578 1671 1635 (ι)
1692 1611 1701 1626 ,
1734 1593 1760 1620 ο

382 1643 598 1701 proditor3
626 1658 723 1685 nam
748 1645 875 1700 paulo
899 1652 995 1684 ante
1021 1644 1289 1685 meretricem
1311 1643 1498 1689 videras,
1532 1651 1575 1683 et
1599 1651 1760 1698 septem

383 1710 591 1751 daemonia
616 1709 668 1750 ab
687 1724 735 1749 ea
756 1709 928 1765 expulsa
945 1709 1152 1750 audieras.
1176 1710 1261 1748 Cur
1282 1721 1381 1763 ergo
1405 1708 1457 1748 ad
1476 1706 1644 1764 pietatis
1666 1705 1760 1747 son-

383 1783 468 1816 tem
492 1775 630 1815 redire
651 1773 855 1815 timebas?
870 1775 1104 1829 [trumque
1125 1773 1236 1814 enim
1252 1805 1262 1821 ,
1286 1772 1450 1820 fratres,
1475 1772 1760 1829 periculosum

384 1847 505 1881 estet
521 1837 776 1880 confidentia
793 1847 835 1879 et
853 1838 1112 1895 desperatio;
1138 1853 1233 1879 nam
1248 1836 1504 1878 confidentia
1523 1836 1682 1878 scilicet
1695 1836 1755 1894 (2)

382 1911 563 1946 stantem
586 1904 754 1953 evertit,
777 1911 818 1944 et
838 1903 990 1944 iterum
1010 1903 1246 1959 desperatio
1265 1910 1357 1958 post
1378 1902 1540 1957 lapsum
1559 1913 1643 1942 non
1657 1916 1759 1957 per-

383 1970 511 2011 mittit
534 1969 593 2025 (5)
617 1982 885 2024 consurgere.
914 1968 1012 2009 Ideo
1037 1968 1152 2017 «Qui
1176 1975 1296 2023 putat
1319 1981 1362 2008 se
1385 1975 1495 2007 stare
1513 1999 1522 2013 ‚
1541 1973 1685 2007 caveat
1706 1979 1760 2008 ne

384 2034 577 2076 »cadat¹.
608 2052 622 2072 »
653 2033 690 2075 Ο
711 2033 838 2074 homo
860 2065 868 2083 ‚
893 2034 1021 2075 debes
1051 2034 1289 2089 exemplum
1325 2031 1543 2089 utriusque
1571 2046 1760 2089 personae

385 2101 586 2158 aspicere.
618 2100 858 2156 Discipnlus
882 2100 993 2140 enim
1028 2100 1204 2155 putabat
1225 2115 1268 2140 se
1298 2107 1428 2144 stare,
1460 2107 1501 2140 et
1537 2113 1637 2140 ecce
1660 2113 1760 2154 quo·

384 2168 511 2209 modo
534 2165 708 2213 cecidit3
729 2165 928 2206 meretrix
945 2165 1146 2206 cecidisse
1167 2165 1469 2211 arbitrabatur,
1483 2173 1524 2205 et
1542 2178 1642 2205 ecce
1659 2178 1759 2219 quo·

384 2233 512 2275 modo
535 2231 728 2272 surrexit.
756 2230 849 2273 Non
871 2245 970 2288 crgo
1003 2232 1053 2272 dc
1086 2230 1205 2272 bonis
1232 2245 1490 2288 praesumere
1525 2229 1756 2278 debemus,

384 2313 463 2341 nec
487 2298 538 2338 de
560 2297 678 2338 malis
702 2298 934 2353 desperare.

442 2361 513 2404 Vl.
559 2379 575 2399 α
596 2361 709 2413 Quid
730 2362 856 2403 vultis
871 2361 975 2403 mihi
998 2360 1127 2403 dare?
1149 2379 1165 2401 υ
1189 2360 1227 2404 Ο
1248 2367 1458 2403 mercator
1474 2359 1656 2417 pessime
1673 2358 1756 2416 (4),

432 2472 444 2495 ¹
471 2484 482 2503 1
507 2473 581 2506 Cor.
598 2483 629 2511 x,
655 2483 706 2503 12.

431 2559 480 2606 (1)
498 2561 580 2595 Cod.
600 2562 660 2592 sed
675 2561 901 2603 desperatione
915 2562 1090 2594 debeas.-
1110 2561 1158 2605 (2)
1173 2561 1223 2596 ld.
1240 2560 1396 2603 displicet.
1411 2562 1505 2592 Forte
1524 2558 1635 2591 melius
1651 2557 1759 2600 legen-

384 2619 459 2650 dum
475 2618 581 2647 virum
600 2617 673 2647 licet
690 2625 845 2652 stantem.
859 2635 904 2643 --
923 2616 973 2662 (3)
989 2617 1038 2649 Id.
1054 2616 1216 2658 permisit.
1237 2634 1280 2640 —
1302 2614 1350 2661 (4)
1368 2615 1418 2650 td.
1432 2615 1577 2659 pexime.
