1868 3301
355 341 498 372 smum
534 341 735 383 Lxxxvu,
775 342 832 371 ae
871 340 1160 375 sacssanorns.
1369 329 1456 385 451

99 414 302 454 festucam
325 416 495 451 tenuem
518 406 558 448 in
583 406 760 450 aliorum
786 407 919 449 oculis
942 408 1225 452 considerant.
1252 409 1462 456 Sacerdo-

97 484 186 518 tum
217 481 280 516 est
305 487 404 529 ergo
422 486 464 513 se
484 471 593 527 ipsos
617 486 780 513 summe
802 471 1035 520 custodire,
1060 487 1112 514 ne
1130 489 1172 515 se
1196 474 1306 531 ipsos
1321 482 1364 516 et
1390 488 1463 530 po-

97 543 243 600 pulum
269 538 580 585 scandalizent,
601 547 646 579 ut
670 538 739 594 qui
762 552 837 594 pro
858 538 1039 580 Domino
1062 539 1298 582 animarum
1320 553 1466 581 curam

97 613 402 662 susceperunt,
433 604 627 646 studeant
664 614 709 645 ut
735 613 923 646 errantes
955 605 1158 652 doceant,
1197 606 1469 647 consolentur

98 678 296 718 moestOS‚
318 669 486 710 visitent
515 666 707 710 infirmos
729 669 768 710 in
791 669 905 711 omni
929 668 1134 710 charitate
1157 678 1198 711 et
1221 670 1462 712 dilectione.

101 736 185 779 Sed
206 735 278 791 qui
301 735 341 776 in
368 734 521 776 saeculo
540 741 635 774 sunt
654 766 662 780 ,
689 743 864 776 caveant
886 749 937 776 ne
959 733 1238 777 sacerdotum
1255 735 1379 777 vitam
1404 734 1471 776 di-

99 801 303 847 lacerent,
328 798 489 840 etiamsi
514 797 764 841 Sacerdotes
785 798 883 841 mali
912 799 1203 848 invenianturz
1228 800 1301 841 sed
1319 799 1351 840 si
1367 798 1476 841 forte

101 865 299 911 fecerint,
324 877 396 904 eos
424 877 521 904 cum
538 863 650 904 omni
678 864 912 905 reverentia
936 873 978 906 et
1006 863 1211 907 charitate
1245 863 1477 921 reprehen-

102 929 203 971 dere
237 927 448 971 festinent.
478 927 637 969 Sedulo
661 929 884 970 sacerdotii
908 927 1046 985 aspice
1072 929 1347 986 dignitatem;
1379 943 1476 970 nam

105 1010 178 1051 per
193 1009 264 1036 eos
282 994 416 1050 agitur
435 993 617 1040 interra,
636 995 750 1049 quod
767 994 942 1051 negotiis
961 995 1205 1036 coelestibus
1220 995 1474 1036 continetur.

105 1059 196 1102 Non
219 1058 330 1100 enim
353 1058 482 1099 homo
496 1089 506 1106 ,
528 1073 610 1098 non
635 1059 821 1115 Angelus
838 1091 847 1106 ,
868 1074 950 1100 non
969 1059 1260 1116 Archangelus
1274 1073 1388 1112 ,non
1404 1058 1481 1100 alia

106 1125 240 1180 aliqua
264 1132 481 1170 creatura,
504 1137 589 1164 non
608 1122 773 1170 Virtus,
801 1138 886 1165 non
912 1123 1155 1180 Seraphim,
1183 1140 1266 1166 non
1289 1124 1480 1170 Gabriel,

104 1204 186 1231 non
205 1189 391 1246 Raphael
412 1222 421 1236 ‚
447 1189 520 1230 sed
543 1190 630 1246 ipse
653 1189 832 1245 Spiritus
855 1198 1026 1231 sanctus
1050 1190 1132 1231 hoc
1167 1205 1321 1231 munus
1354 1190 1474 1231 insti-

109 1256 210 1303 tuit,
242 1254 322 1296 hoc
335 1254 466 1296 Filius
485 1253 695 1307 confecit,
719 1254 801 1295 hoc
822 1254 946 1296 Pater
970 1255 1157 1312 plenarie
1176 1254 1454 1296 manifestavit
1474 1287 1485 1302 ,

108 1329 232 1377 atque
255 1320 394 1362 adhuc
414 1319 455 1361 in
480 1334 606 1361 carne
639 1319 884 1362 hominibus
914 1320 1261 1377 permanentibus
1296 1320 1489 1362 ministe-

107 1385 170 1427 rio
186 1384 454 1442 fungisancta
466 1384 648 1426 Trinitas
666 1385 859 1441 praestitit
872 1385 1193 1442 AngelommD
1215 1385 1485 1432 Sacerdotes,

108 1465 184 1507 per
219 1464 291 1490 vos
323 1448 541 1492 Christum
577 1449 792 1506 induimus
818 1457 859 1491 et
885 1451 1092 1492 docemur
1115 1451 1124 1490 1
1150 1450 1366 1506 Numquid
1392 1465 1491 1506 ergo

109 1530 193 1556 non
224 1515 282 1570 (ι)
307 1529 328 1555 a
351 1514 471 1556 nobis
494 1513 624 1570 magis
648 1528 773 1570 quam
799 1527 915 1571 reges
933 1522 975 1556 et
992 1513 1156 1571 judices
1173 1548 1183 1563 ,
1215 1517 1275 1557 vel
1295 1523 1492 1572 parentes

111 1580 347 1622 honorandi
369 1588 468 1621 sunt
485 1579 502 1620 Ρ
519 1579 572 1620 Et
604 1579 698 1620 ideo
721 1579 1077 1636 sapientissimum
1107 1596 1196 1622 esse
1220 1589 1413 1638 oportet,
1451 1588 1495 1622 et

110 1646 397 1704 perspicacem
418 1646 460 1687 in
477 1644 675 1687 omnibus
702 1644 976 1688 Sacerdotem
992 1679 1003 1697 ,
1025 1655 1069 1688 et
1085 1647 1201 1689 mille
1220 1680 1230 1696 ,
1251 1656 1298 1688 ut
1319 1646 1491 1695 dicitur,

111 1727 161 1754 ex
179 1711 296 1753 omni
316 1719 437 1768 parte
461 1711 607 1751 oculos
631 1710 883 1758 habentem3
914 1711 985 1767 qui
1015 1726 1100 1753 non
1124 1713 1260 1754 solum
1282 1711 1360 1754 sibi
1378 1744 1390 1761 ‚
1417 1712 1490 1755 sed

112 1786 155 1819 et
171 1776 328 1834 populo
345 1777 478 1825 vivat,
511 1784 559 1817 ut
588 1776 704 1833 origo
731 1776 783 1818 sit
809 1785 850 1818 et
883 1776 1207 1819 fundamentum
1237 1785 1491 1819 cunctarum

113 1844 331 1885 virtutum.

171 1907 244 1949 ΙΙΙ.
284 1906 514 1948 Attendere
537 1915 578 1948 et
605 1906 829 1963 diligenter
851 1908 1094 1964 prospicere
1112 1907 1270 1949 debent
1289 1907 1488 1965 Episcopi

114 1973 270 2021 nostri,
291 1987 344 2013 ne
364 1972 554 2028 indignos
580 1972 778 2013 ordinent
796 1972 1074 2021 Sacerdotes;
1100 1988 1198 2015 nam
1221 1974 1377 2015 eisdem
1397 1974 1493 2014 suh-

115 2038 257 2094 jacent
282 2036 414 2094 poenis
431 2069 441 2085 ,
467 2036 620 2093 quibus
639 2036 698 2078 illi
715 2036 786 2093 qui
803 2045 900 2079 sunt
923 2038 1104 2080 ordinati
1124 2071 1135 2086 ,
1166 2037 1330 2079 etiamsi
1349 2037 1493 2081 dicant

119 2119 160 2144 se
179 2101 350 2145 illorum
367 2101 465 2143 vitia
489 2101 716 2158 ignorasse.
749 2102 855 2144 Dico
878 2103 936 2144 eis
956 2103 1157 2144 audacter
1174 2117 1268 2144 cum
1289 2101 1491 2160 Apostolo

118 2168 170 2209 ad
188 2166 458 2210 Timotheum
488 2182 496 2207 :
523 2185 537 2204 α
556 2167 701 2209 Manus
719 2168 803 2210 cito
826 2168 985 2210 nemini
1017 2164 1287 2225 imposueris,
1316 2183 1367 2209 ne
1395 2183 1493 2225 par-

117 2252 133 2273 »
148 2233 281 2290 ticeps
301 2233 355 2274 sis
372 2247 520 2274 eorum
544 2232 728 2289 peccatis
745 2233 797 2274 ¹.»
826 2233 915 2274 Imo
939 2248 988 2274 cx
1006 2233 1085 2274 hac
1107 2233 1377 2274 excusatione
1394 2248 1492 2290 gra·

117 2299 206 2339 vius
233 2312 411 2355 peccare
433 2297 647 2345 videntur,
668 2298 868 2354 quoniam
897 2301 1203 2355 promoverunt
1227 2312 1352 2354 quem
1378 2298 1493 2354 igno-

118 2371 332 2405 raverunt.

179 2426 247 2470 1V.
285 2427 565 2469 Attendamus
589 2441 715 2484 ergo,
742 2441 767 2469 ο
796 2427 974 2479 Clerici,
998 2429 1069 2484 qui
1103 2429 1311 2470 columnae
1345 2428 1493 2485 templi

121 2493 328 2542 videmur,
355 2507 408 2534 ne
430 2507 507 2550 pro
526 2494 778 2550 populorum
802 2502 956 2536 nostrae
981 2493 1222 2537 auctoritati
1249 2494 1310 2548 (2)
1348 2494 1495 2535 subdi-

172 2603 182 2624 ¹
208 2613 220 2634 1
243 2603 324 2637 Tim.
344 2614 375 2647 v,
396 2614 454 2635 22.

171 2682 220 2727 (ι)
236 2685 334 2715 Deest
348 2695 412 2715 non
433 2684 465 2716 in
483 2684 555 2717 cod.
571 2703 614 2709 -—
631 2682 682 2730 (2)
698 2685 777 2719 eod.
802 2686 883 2718 male
900 2696 1010 2718 nostro
1032 2688 1240 2722 Clericorum.

1256 2764 1329 2810 29.
