1885 3284
354 272 416 320 90
763 272 797 302 ⁸.
841 271 1085 309 AUGmTlm
1121 269 1324 307 EPISCOPI

351 336 502 394 bores,
523 348 676 401 partus
697 374 708 392 ‚
735 339 919 397 gemitus
933 373 944 394 ‚
965 347 1008 383 et
1026 335 1198 382 dolores
1216 373 1226 393 ,
1250 335 1400 393 fletus,
1426 336 1615 383 lamenta
1637 339 1725 401 (1),

351 418 394 454 et
413 406 630 464 ululatus,
659 408 737 454 ubi
761 407 908 454 nullus
928 408 1012 454 fuit
1036 406 1306 463 consolator,
1333 407 1447 454 sicut
1483 408 1732 469 evangelica

350 478 480 526 lectio
498 479 800 525 demonstrans
820 481 881 526 ait
908 498 918 525 ε
947 502 965 521 <‹
983 480 1074 524 Vox
1092 479 1136 524 in
1154 479 1296 524 Rama
1317 478 1468 525 audita
1485 490 1548 525 est
1567 517 1578 537 ‚
1606 480 1732 528 fletus

349 571 372 594 >2
394 562 437 596 et
456 550 649 596 ululatus
675 568 855 611 magnus
874 572 885 606 ;
914 550 1084 597 Rachel
1101 550 1277 613 plorans
1300 549 1410 596 filios
1430 567 1555 607 suos,
1584 561 1626 596 et
1649 568 1733 597 no-

350 644 365 662 ·›
394 620 480 667 luit
502 621 742 677 consolari,
764 622 868 685 quia
890 639 978 668 non
1001 631 1101 667 sunt
1116 619 1149 667 ¹1.
1178 643 1195 662 »
1215 621 1267 668 Et
1291 638 1388 666 vere
1410 621 1512 683 quia
1534 638 1623 666 non
1641 621 1731 667 fue-

349 702 455 738 runt
479 690 532 743 de
565 692 729 738 saeculo
748 729 760 748 ,
799 693 878 756 qui
918 692 1144 739 nativitate
1179 702 1220 736 et
1247 701 1373 736 aetate
1409 690 1574 737 sodales
1612 704 1735 738 erant

354 763 533 809 Christo
552 800 562 817 ‚
580 763 954 826 quemadmodum
976 762 1250 822 Evangelista
1269 762 1327 808 ait
1349 780 1359 806 ε
1384 762 1538 807 «Misit
1556 762 1734 825 quidem

352 855 374 876 ))
401 833 596 880 Herodes
614 851 684 880 rex
699 872 710 891 ‚
739 845 782 880 et
804 834 970 881 occidit
1004 850 1152 880 omnes
1176 833 1361 880 infantes
1380 833 1590 893 regionis,
1623 852 1644 879 a
1668 834 1737 881 bi-

353 924 374 946 »
393 914 515 950 matu
527 904 707 959 etinfra‚
726 905 888 950 secund
900 922 971 950 um
992 915 1165 968 tempus
1177 903 1299 968 quod
1313 905 1570 967 exquisierat
1597 922 1620 950 a
1637 905 1733 951 Ma-

352 997 374 1018 »
396 974 506 1036 gis2.
534 996 554 1017 >›
586 976 640 1020 Et
656 975 764 1039 quid
781 987 1046 1035 cognoverat
1073 994 1095 1020 a
1118 975 1254 1035 Magis
1275 1012 1285 1031 ‚
1310 976 1389 1020 nisi
1411 975 1639 1021 Christum
1660 993 1738 1023 ve-

351 1063 450 1092 rum
474 1064 615 1107 regem
636 1046 773 1093 Israel
795 1046 1034 1092 secuudum
1056 1063 1231 1092 carnem
1252 1057 1404 1091 natum
1424 1049 1442 1091 .3

422 1117 506 1164 ΙΙΙ.
551 1116 744 1163 Audiens
763 1116 958 1163 Herodes
976 1154 987 1173 ‚
1013 1133 1221 1176 magnum
1240 1116 1325 1161 sibi
1355 1116 1631 1179 computavit
1653 1134 1735 1180 pe-

353 1188 544 1237 riculum
563 1226 574 1244 ‚
602 1189 708 1252 quia
732 1207 774 1234 se
794 1206 974 1249 regnare
1003 1189 1162 1248 injuste
1183 1187 1476 1248 cognoscebat
1503 1205 1634 1252 super
1660 1190 1739 1234 Dei

353 1259 590 1324 populum.
614 1259 889 1320 intelligebat
908 1260 1024 1306 enim
1047 1277 1089 1305 se
1108 1258 1300 1319 refugam
1318 1259 1652 1319 etalienigenam
1670 1260 1735 1322 (2)

357 1347 447 1378 non
471 1348 592 1394 posse
622 1348 877 1394 permanere
900 1331 945 1376 in
972 1330 1134 1386 Israel,
1175 1341 1300 1391 gente
1334 1340 1483 1376 sancta
1502 1368 1513 1385 ‚
1559 1330 1738 1377 audiens

355 1421 499 1465 regem
522 1416 673 1450 natum
697 1442 705 1457 ‚
733 1422 822 1451 nou
845 1423 868 1451 a
888 1405 1056 1468 populo
1081 1404 1248 1450 factum
1268 1441 1279 1461 ‚
1320 1403 1392 1451 sed
1429 1422 1452 1450 a
1483 1405 1575 1457 Deo
1611 1405 1740 1450 Patre

360 1475 627 1530 destinatum
651 1513 662 1531 ‚
692 1476 795 1539 quia
816 1477 881 1537 (3)
901 1494 971 1521 rex
995 1476 1114 1521 nasci
1135 1475 1267 1520 debet
1283 1513 1294 1530 ‚
1314 1492 1403 1521 non
1422 1474 1539 1531 fieri,
1569 1475 1741 1521 dicente

357 1547 455 1611 ipso
479 1546 667 1592 Domino
694 1547 871 1592 Christo
896 1565 906 1592 ε
931 1567 952 1588 «
972 1547 1064 1606 Ego
1089 1563 1192 1592 vero
1211 1546 1257 1591 in
1277 1546 1364 1591 hoc
1389 1556 1515 1591 natus
1549 1563 1644 1592 sum
1661 1583 1671 1601 ,
1696 1556 1738 1599 et

361 1638 382 1659 >2
403 1617 456 1663 ad
477 1617 563 1661 hoc
587 1617 686 1662 veni
707 1617 736 1661 ³(
769 1638 789 1658 υ
826 1617 965 1675 Cujus
985 1617 1212 1662 nativitato
1233 1616 1468 1676 gaudentes
1488 1628 1529 1663 et
1549 1617 1741 1664 exultan-

360 1697 423 1734 tes
442 1704 520 1750 per
543 1687 686 1750 ipsum
708 1688 799 1736 Deo
819 1688 939 1733 Patri
967 1688 1124 1747 gratias
1143 1686 1394 1745 referamus,
1421 1688 1495 1734 cui
1514 1699 1576 1734 est
1594 1688 1744 1734 honor

361 1769 404 1814 et
425 1758 562 1819 gloria
589 1759 633 1804 in
659 1759 819 1804 saecula
843 1759 1121 1806 saeculorum.
1153 1760 1307 1806 Amen.

413 1877 424 1899 ¹
441 1875 548 1908 Mutth
576 1886 612 1913 ιι,
631 1876 741 1907 18.—
756 1875 870 1909 ²1bid.
896 1877 948 1909 16.
965 1895 1006 1900 —-
1021 1873 1035 1898 3
1049 1878 1142 1907 Joau.
1160 1887 1259 1915 xvm,
1276 1878 1332 1915 37,

412 1948 461 1993 (1)
481 1949 561 1981 Cod.
581 1950 662 1981 maie
679 1951 853 1981 larnemns.
872 1967 918 1972 —
942 1950 988 1993 (ἡ)
1012 1949 1094 1980 Vide
1114 1949 1284 1989 Angustia.
1302 1947 1341 1979 de
1361 1948 1456 1981 Civit.
1486 1948 1547 1980 Dei
1567 1948 1623 1982 lib.
1645 1959 1742 1988 xvnx,

366 2016 437 2049 cap.
450 2016 526 2044 xnv,
545 2016 632 2038 num.
656 2008 685 2037 3.
706 2023 753 2030 —-
768 2005 818 2049 (3)
831 2006 881 2037 Sic
898 2005 992 2037 codd.
1007 2016 1058 2036 cu
1077 2010 1110 2036 et
1127 2016 1217 2041 cxvn;
1239 2004 1330 2036 coda
1349 2005 1415 2046 qui.
