1868 3301
328 238 419 285 502
590 257 624 284 s.
671 256 917 289 mensum
953 261 1156 291 EPlSCOPl
1197 258 1431 288 Avpmmx.

325 321 437 362 enim
456 323 615 370 omnis,
643 322 712 378 qui
737 333 847 372 orat,
887 325 925 365 in
958 332 1143 364 montem
1168 323 1369 365 ascendit.
1408 324 1480 364 Ille
1508 338 1606 365 vero
1626 323 1697 381 qui

325 394 507 427 mortem
533 385 691 428 inimici
719 388 781 429 sui
803 388 975 444 quaerit‚
1003 397 1158 429 autres
1189 388 1377 435 inimici,
1403 397 1449 430 ut
1471 388 1701 431 honorabi-

323 451 405 493 lior
441 451 482 493 in
518 451 600 493 hoc
633 454 791 495 mundo
822 469 912 495 esse
943 454 1098 510 possit,
1137 468 1407 510 nequaquam
1439 454 1629 496 ascendit
1658 455 1699 496 in

325 526 512 558 montem
543 518 770 559 coelesteme
812 519 863 559 At
894 534 916 559 e
943 529 1089 560 contra
1127 518 1262 575 quiin
1287 518 1490 561 Oratione
1525 535 1600 577 pro
1633 534 1701 562 re-

324 582 464 624 medio
497 596 581 623 suae
612 582 758 624 animae
779 616 789 632 ‚
814 585 878 625 vel
902 599 976 640 pro
1001 584 1144 626 alienis
1172 585 1353 640 peccatis
1376 585 1604 626 Dominum
1630 584 1702 627 de—

326 656 541 704 precatur,
573 647 649 689 iste
671 648 829 703 absque
853 648 981 690 dubio
1010 649 1050 690 in
1074 658 1286 701 montem,
1308 649 1554 691 sicutJesus
1570 682 1581 698 ‚
1605 665 1702 692 ora-

324 721 444 754 turus
469 713 669 755 ascendit.
700 712 820 761 Vide,
848 722 892 755 ut
915 714 1005 756 haec
1028 716 1167 773 legas;
1193 715 1390 763 attende,
1421 715 1508 757 Deo
1537 717 1674 758 dicata
1693 749 1702 764 ,

326 785 371 819 ut
394 778 590 820 ordinate
622 778 674 821 de
702 778 1029 822 mortificatione
1057 780 1198 823 venias
1222 781 1275 823 ad
1304 780 1701 839 compunctionem,

323 851 366 885 et
395 843 772 900 compunctionem
803 845 1025 896 habendo,
1060 860 1184 889 nosse.
1207 854 1249 890 et
1269 846 1428 889 habere
1448 847 1581 904 possis
1611 861 1703 889 mo-

324 908 427 950 dum
449 908 610 951 orandi.

873 1210 1053 1256 CAPUT
1083 1212 1158 1256 XI.

424 1340 490 1382 De
512 1339 664 1397 Pugna
684 1342 881 1381 vitiorum
905 1340 1105 1381 adversus
1121 1344 1299 1382 virtutes
1317 1375 1326 1386 .
1353 1351 1395 1383 et
1411 1344 1613 1401 quomodo

500 1404 753 1462 extirpanda
776 1414 871 1446 sunt
894 1409 1002 1446 vitia
1022 1414 1065 1447 et
1083 1407 1310 1448 inserendoe
1331 1412 1527 1452 virtutes.

381 1552 443 1593 ΕΤ
469 1550 566 1608 quia
587 1549 730 1593 lucide
753 1551 967 1592 nonnullis
991 1551 1197 1592 instructa
1225 1566 1268 1593 es
1293 1551 1519 1594 virtutibus
1539 1584 1550 1600 ‚
1576 1562 1707 1597 restat

324 1628 370 1660 ut
391 1626 533 1659 mente
557 1616 781 1673 diligenter
802 1616 994 1657 attendas
1013 1625 1116 1671 quot
1138 1615 1221 1657 sint
1249 1617 1306 1671 (1)
1333 1617 1565 1659 luctamina
1591 1619 1706 1661 vitio>

323 1700 416 1726 rum
442 1684 641 1725 adversus
665 1682 855 1724 virtutes.
884 1682 1080 1739 Magnum
1104 1697 1287 1738 namque
1310 1682 1371 1739 (2)
1400 1692 1461 1725 est
1493 1692 1708 1727 certamen

324 1751 522 1792 vitiorum
542 1750 743 1790 adversus
766 1748 1086 1790 virtutes.Tune
1103 1748 1216 1790 enim
1242 1749 1398 1805 poteris
1427 1750 1569 1791 omnia
1607 1751 1705 1793 vitia

325 1816 555 1875 pugnando
574 1829 800 1872 superare,
823 1828 921 1855 eum
946 1813 1088 1855 divino
1115 1813 1267 1855 auxilio
1285 1847 1294 1862 ‚
1320 1814 1352 1855 si
1376 1823 1524 1856 contra
1547 1816 1708 1873 singula

325 1884 423 1925 vilia
444 1881 620 1924 virtutes
639 1880 901 1939 opposueris.
931 1878 1047 1920 Solet
1063 1878 1175 1921 enim
1196 1894 1335 1936 pugna
1353 1880 1547 1922 vitiorum
1568 1881 1709 1924 adver-

328 1965 397 1991 sus
422 1948 597 1989 virtutes
618 1946 667 1988 ad
696 1944 932 2003 profectum
958 1944 1142 1986 hominis
1163 1945 1331 1993 venire,
1359 1946 1454 2001 quia
1495 1962 1569 2002 per
1605 1948 1709 1990 illud

324 2024 541 2057 certamen
563 2027 681 2054 mons
705 2010 975 2058 exercitatur.
1003 2018 1043 2052 et
1077 2025 1096 2051 a
1121 2010 1395 2052 rebellatione
1420 2012 1483 2067 (5)
1517 2023 1708 2069 peccato-

325 2095 420 2122 rum
454 2086 673 2137 purgatur.
713 2076 870 2117 Contra
909 2075 1072 2132 singula
1096 2090 1265 2132 quoque
1294 2076 1391 2117 vilia
1417 2077 1589 2120 virtutes
1612 2088 1707 2121 sunt

327 2145 601 2192 adhibendae3
622 2151 769 2185 contra
786 2142 994 2184 luxuriam
1007 2141 1214 2183 munditia
1228 2143 1368 2185 cordis
1379 2143 1705 2194 estadhibenda‚

326 2219 473 2254 contra
502 2209 763 2251 iracundiam
784 2208 983 2265 patientia
1008 2216 1070 2249 est
1091 2209 1369 2264 opponenda,
1404 2218 1548 2251 contra
1583 2210 1709 2252 timo-

329 2293 418 2320 rem
442 2286 505 2319 est
527 2275 682 2318 fiducia
711 2275 938 2322 mittenda,
962 2283 1108 2316 contra
1134 2283 1347 2332 torporem
1369 2290 1468 2317 vero
1496 2278 1607 2318 zelus
1633 2292 1708 2334 ap-

334 2344 556 2403 ponendus
579 2351 666 2390 est,
692 2346 840 2384 contra
867 2340 1078 2382 tristitiam
1105 2356 1272 2398 quoque
1296 2343 1448 2383 malam
1468 2342 1709 2386 adhibenda

331 2419 395 2454 est
417 2409 558 2452 laetitia
577 2408 822 2465 spiritualis,
849 2407 1025 2449 etlaetus
1047 2422 1191 2458 amor3
1218 2417 1364 2451 contra
1390 2409 1577 2451 acediam
1603 2425 1702 2452 vero

334 2477 541 2520 fortitudo
578 2475 828 2517 assumenda
859 2483 944 2521 est.
977 2484 1122 2516 contra
1148 2475 1360 2517 avaritiam
1384 2483 1446 2517 est
1470 2476 1705 2518 adhibenda

375 2575 424 2613 (x)
442 2573 521 2605 cod.
541 2573 598 2610 sit,
620 2583 676 2614 pro
697 2572 770 2609 sinc,
789 2570 849 2603 nisi
867 2571 947 2613 legas
965 2571 1056 2613 quod
1071 2571 1114 2602 sit
1129 2571 1293 2603 luctamen
1307 2596 1314 2609 ,
1333 2577 1386 2604 aul
1403 2582 1478 2614 quae
1494 2571 1532 2602 sie
1550 2571 1647 2603 lucta.
1664 2588 1708 2597 --

327 2630 376 2675 (2)
395 2630 441 2664 ld.
461 2641 602 2672 quoque.
618 2648 658 2653 -
681 2627 731 2673 (35-
746 2629 789 2660 [d.
809 2628 994 2658 hellarium,
